3124 4976
710 333 754 397 43

134 552 195 633 (ib.
212 571 242 633 p.
258 549 324 615 370
338 549 435 634 sqq).
471 549 597 614 Deinde
616 550 802 613 summatim
817 549 860 632 (c.
877 547 979 631 l—V)
997 547 1176 614 Suetonius
1192 547 1321 630 praela-

135 643 233 707 tionis
256 641 332 706 loco
358 640 437 704 artis
461 639 632 702 historiam
660 644 796 717 tractat,
827 657 892 720 qua
922 639 1080 720 originem
1107 656 1321 720 progressum

137 732 248 796 omnia
273 731 432 812 denique,
459 748 543 811 quae
558 730 601 792 ad
613 730 815 812 disciplinam
834 728 997 810 pertinere
1014 729 1182 809 videntur,
1207 748 1321 811 perse-

138 827 234 886 cutus
257 826 309 885 est
330 819 420 897 (ibid
440 825 473 883 et
488 819 702 900 Doergensl
727 819 746 882 l.
772 824 855 901 part
833 818 950 898 t,.lll
975 839 1006 900 p.
1024 818 1054 897 6,
1074 819 1190 900 7,010‚)
1215 819 1261 882 ita
1286 824 1321 882 ut

177 973 181 983 ,
250 913 282 976 1⁰
306 911 383 974 de
368 911 421 973 cni
421 911 467 972 tio
490 915 546 972 ort
546 911 577 972 is
598 911 839 993 prornrnoticoe
862 908 902 992 (c.
922 908 966 993 I)

246 1003 283 1066 2⁰
306 1001 346 1064 de
369 1001 582 1063 incrementis
606 999 860 1083 disciplinoeet
884 998 1096 1082 transitu(c.
1116 997 1168 1082 II)
1191 999 1238 1062 od

247 1093 283 1157 3⁰
307 1109 446 1154 auream
469 1107 552 1172 quoe
576 1090 779 1154 eliciturt
725 1095 802 1153 ueto
803 1084 932 1172 tem(c
951 1088 1033 1173 Ill),

245 1181 283 1244 4⁰
306 1181 346 1244 do
380 1178 529 1263 appellot
493 1180 659 1243 ottonibus
701 1180 999 1264 grammaticorum
1038 1184 1097 1243 etc.
1139 1178 1322 1260 disputetur

138 1270 181 1354 (c.
206 1271 283 1335 IV.

248 1271 416 1424 Niusmodi
438 1357 662 1441 praefationes
686 1361 751 1423 iam
775 1358 919 1423 Varroni
943 1357 1083 1440 (Ritschl
1105 1357 1125 1422 l.
1147 1358 1166 1422 l.
1191 1378 1221 1440 p.
1240 1357 1322 1441 452)

138 1455 173 1516 et
196 1449 317 1532 Nepoti
352 1450 467 1533 (supra
488 1469 519 1530 p.
541 1449 582 1512 14
595 1451 659 1533 sq.)
682 1451 714 1513 in
739 1469 800 1514 usu
823 1447 924 1512 fuisse
950 1448 1102 1525 vidimus
1133 1467 1216 1531 quos
1241 1447 1323 1513 Sue·

137 1541 250 1605 tonius
275 1538 417 1604 fortasse
442 1543 576 1603 secutus
602 1546 662 1604 est.

248 1629 373 1711 Quibus
401 1629 500 1694 rebus
536 1629 696 1694 absolutis
726 1631 769 1693 ad
800 1629 937 1692 alterum
967 1631 1097 1708 partem
1120 1625 1218 1690 libelli
1242 1624 1322 1690 Sue-

138 1722 247 1786 tonius
271 1719 385 1803 pergit‚
412 1720 454 1783 ad
478 1719 724 1802 ipsasscilicet
747 1719 830 1783 vitas
854 1717 1082 1800 professorum
1107 1717 1321 1780 enarrandas,

139 1811 188 1876 lbi
211 1829 411 1896 quamquam
436 1810 519 1873 nihil·
539 1811 625 1874 aliud
649 1810 815 1874 studuisse
832 1809 961 1873 videtur
984 1807 1047 1870 nisi
1070 1813 1106 1871 ut
1121 1843 1163 1853 -
1180 1805 1323 1870 Alexan-

139 1901 306 1966 drinorum
342 1899 478 1974 πίνακας
513 1899 657 1964 fortasse
693 1901 834 1964 imitatus
851 1900 875 1982 ¹)
905 1935 948 1946 ·-—
988 1897 1122 1962 nomina
1154 1896 1323 1962 illustrium

139 1992 309 2056 hominum
343 2008 451 2072 paene
487 2009 547 2072 per
581 1990 722 2072 catalogi
749 1989 891 2054 formam
918 1987 1081 2070 proferret
1105 1992 1139 2051 et
1161 1987 1322 2052 nonnullis

141 2099 227 2164 quae
244 2081 407 2146 memoria
424 2079 542 2160 dignae
560 2099 635 2146 esse
653 2080 850 2145 videbantur
874 2078 975 2144 rebus
992 2078 1112 2142 additis
1136 2077 1322 2156 illustraret,

142 2177 252 2234 tamen
275 2171 308 2233 in
329 2171 396 2235 hoc
421 2188 552 2252 quoque
570 2188 706 2234 munere
725 2169 918 2235 Suetonium
936 2169 1100 2232 rationem
1124 2185 1218 2231 suam
1233 2185 1324 2251 „per

145 2260 293 2341 speciesr
318 2261 511 2341 disponendi
529 2261 717 2325 adhibuisse
735 2261 853 2325 sentio.
895 2260 968 2339 Qua
990 2259 1021 2322 in
1046 2258 1209 2322 sententia
1234 2276 1324 2322 com-

144 2349 318 2432 probanda
340 2350 514 2432 paullulum
538 2350 768 2416 subsistamus

249 2439 393 2504 Primum
432 2441 519 2505 enim
544 2440 722 2506 Suetonius
755 2441 887 2505 nomine
916 2440 989 2522 ipso
1021 2438 1114 2520 quasi
1142 2437 1225 2502 tituli
1247 2438 1322 2502 loco

142 2531 333 2612 praeposito
358 2531 459 2594 —id
483 2533 572 2614 quod
602 2532 700 2595 etiam
731 2529 1004 2613 apud-Nepotem
1032 2547 1095 2591 usu
1124 2527 1200 2591 ferri
1224 2545 1325 2610 supra

142 2623 186 2703 (p.
207 2619 261 2702 15)
288 2621 494 2685 demontravi
518 2659 572 2700 -,
600 2622 640 2686 de
675 2640 795 2703 genere
832 2627 906 2685 ortu
939 2620 1054 2684 ordine
1090 2619 1226 2682 natione
1260 2619 1325 2682 sin-

142 2711 293 2793 gulorum
319 2711 466 2775 virorum
496 2716 552 2775 aut
577 2717 704 2776 certam
729 2717 785 2775 aut
812 2711 965 2774 traditam
990 2708 1115 2791 prolert
1139 2708 1326 2773 adnotatio-

134 2819 218 2865 nem
254 2801 381 2864 duabus
415 2807 541 2865 tantum
583 2801 682 2885 (XIV,
714 2801 818 2882 XXll)
854 2801 928 2864 vitis
969 2801 1130 2880 exceptis;
1172 2799 1326 2863 nonnulla

144 2891 296 2972 exempla
321 2889 493 2955 sufficient:

250 2981 312 3065 cfr.
327 2981 382 3044 VI.
406 2979 565 3045 Aurelius
580 2979 711 3064 Opilius
729 3029 735 3043 .
752 3029 757 3041 .
774 3031 780 3044 .
795 2981 956 3065 Epicurei
980 2980 1155 3044 cuiusdam
1180 2979 1324 3043 libertus.

257 3071 331 3134 VII.
357 3069 403 3133 M.
427 3069 593 3134 Antonius
609 3069 752 3154 Gnipho,
775 3073 954 3155 ingenuus,
977 3073 1013 3134 in
1030 3068 1146 3134 Gollio
1169 3075 1326 3133 notus—

143 3162 333 3243 empositus.
351 3207 380 3221 ..
405 3163 639 3224 manumissus.

258 3251 352 3314 VIII.
379 3250 425 3316 M.
452 3251 638 3334 Pompilius
661 3249 874 3314 Andronicus
897 3253 1030 3314 notione
1055 3248 1172 3334 Syrus.

252 3340 312 3402 IX.
341 3339 488 3405 Orbilius
511 3341 669 3425 Pupillus
692 3341 953 3404 Beneventanus.

252 3430 292 3494 X.
318 3428 386 3495 Att.
412 3431 604 3515 Philologus
627 3431 802 3494 libertinus
825 3429 975 3494 Athenis.

252 3518 312 3583 XI.
346 3521 416 3585 Vol.
443 3519 539 3601 Coto,
566 3527 604 3584 ut
627 3520 780 3584 nonnulli
808 3521 1036 3602 tradiderunt,
1061 3520 1197 3583 Buroni
1221 3523 1327 3584 cuius-

144 3610 224 3672 cloni
240 3609 390 3692 libertus,
416 3632 458 3674 eo
475 3609 606 3690 Gallio,
630 3617 700 3693 ipse
724 3610 832 3674 libello
847 3648 891 3658 -
906 3613 1087 3694 ingenuum
1104 3631 1137 3674 se
1154 3617 1271 3675 notum
1283 3646 1327 3655 -

146 3704 179 3762 et
203 3717 287 3780 quae
313 3707 491 3782 sequuntur
516 3720 642 3766 omnes.

253 3788 415 3872 Singulari
451 3793 594 3874 quodam
631 3791 733 3855 modo
764 3789 871 3854 Saevii
901 3789 1072 3854 Nicanoris
1106 3791 1174 3854 vita
1205 3790 1325 3870 incipit.

146 3875 361 4034 ἕὲἓῶἒὶζὲτο
386 3881 418 3945 in
434 3880 547 3945 Niciae
571 3887 602 3945 et
620 3880 765 3944 Marcelli
789 3881 863 3943 vitis
888 3880 1071 3945 condendis
1096 3879 1158 3943 sibi
1182 3879 1328 3945 constitit

254 4058 314 4138 Qui
337 4079 392 4125 res
417 4079 518 4142 supra
541 4061 617 4125 allat
604 4065 656 4124 tas
680 4061 860 4142 inspexerit
879 4065 968 4126 certe
992 4059 1223 4142 comprobabit
1240 4058 1327 4142 quod

144 4147 362 4304 Hieronymus
389 4151 465 4234 (ll
490 4171 520 4232 p.
540 4149 619 4233 821)
644 4151 735 4215 dicit:
789 4150 943 4232 etquod
971 4151 1021 4214 ille
1052 4149 1147 4234 (Suet
1134 4150 1243 4214 tonius
1268 4149 1329 4212 soi-

253 4365 279 4432 1)
300 4367 328 4422 C.
344 4368 529 4434 Wochemuth,
545 4366 590 4420 die
604 4366 877 4436 pinacographische
889 4366 961 4420 Thu
950 4367 1048 4438 tigkeit
1037 4367 1114 4421 tdes
1130 4365 1328 4420 Callimachus

144 4435 216 4491 Phil.
237 4438 305 4505 XVI,
326 4438 379 4493 653
390 4455 450 4509 sqq
481 4439 588 4508 Christ,
607 4439 638 4492 L.
659 4438 689 4493 G.
709 4456 735 4509 p.
751 4438 812 4493 636.
