3124 4976
737 317 780 382 “15

651 411 866 418 *ψ-

169 533 271 616 putris
280 533 306 618 ¹)
330 533 474 598 nationis
499 534 637 598 nomina
667 538 723 596 aut
746 551 767 596 a
790 533 893 598 rebus
917 533 1194 616 subsequentibus
1218 529 1350 594 seclusa

166 624 200 686 in
225 622 348 703 Them.,
376 622 460 702 Ata,
489 623 624 703 Thrae,
655 621 786 702 Chabr,
814 623 964 704 Timotlr,
988 623 1061 707 ap,
1085 623 1197 702 Eam,
1225 620 1351 700 rama,

166 713 280 777 Hann.
310 719 368 777 aut
397 733 472 778 oum
500 712 561 777 illis
591 712 769 776 coniuncta
796 712 828 776 in
866 713 966 793 Mitt,
1000 712 1073 792 Ar,
1106 713 1220 792 Pana,
1256 709 1351 790 Cim,

167 803 257 887 Lps,
275 799 364 882 Com,
379 803 491 883 Dion,
507 803 644 886 Iphicr,
660 801 740 882 Pel,
755 799 829 886 Ap,
845 803 955 883 Phoc,
971 803 1071 866 Ham.
1086 802 1364 885 praemittuntur..

166 891 332 956 Peculiari
360 897 470 958 autem
496 893 625 956 ratione
654 892 817 955 Datames
846 890 926 957 Cato
950 891 1083 956 Atticas
1112 891 1234 956 conditi
1262 896 1348 969 sunt,

169 999 245 1045 cum
270 981 303 1044 in
329 999 443 1046 eorum
469 981 605 1046 exordio
631 982 671 1045 de
697 987 769 1046 ortu
792 982 987 1063 parentibus
1013 981 1081 1045 aliis
1099 981 1200 1046 rebus
1217 981 1349 1045 uberius

167 1070 327 1152 agaturl).

275 1161 411 1225 Errasse
441 1179 522 1225 vero
553 1161 662 1242 aliqua
690 1165 850 1242 exparte
886 1161 964 1225 mihi
991 1161 1121 1225 videtur
1150 1159 1348 1242 Nipperdey,

167 1250 309 1314 eumad
338 1251 449 1315 Them.
477 1269 548 1331 cap.
564 1251 585 1315 l.
612 1251 678 1331 §L
703 1250 816 1314 adicit:
844 1250 899 1334 „In
924 1250 1095 1315 derselben
1120 1250 1246 1328 Weiss,
1274 1251 1350 1313 dass

169 1339 349 1418 gleichsam
375 1341 447 1404 eine
465 1338 692 1406 Uebersehril't
714 1339 932 1420 vorausgeht,
957 1342 1023 1404 und
1049 1341 1108 1404 das
1132 1339 1282 1420 folgende
1308 1357 1352 1403 an

166 1429 259 1493 diese
286 1429 486 1510 angekniipft
509 1431 603 1508 wird,
630 1429 688 1493 hat
707 1429 788 1510 Nep.
808 1431 867 1494 das
884 1429 995 1494 Leben
1019 1431 1076 1494 des
1102 1429 1189 1510 Ata,
1219 1430 1351 1508 Thrax,

169 1517 284 1596 Dion,
332 1515 464 1600 Cbnbr,
518 1519 674 1600 Timotlt,
720 1519 801 1602 Ep,
847 1519 933 1600 Pol,
980 1521 1079 1584 Eam.
1119 1520 1188 1583 und
1232 1519 1348 1583 Timol.

169 1605 362 1688 begonnen3
393 1609 437 1672 im
470 1609 584 1672 Hann.
614 1609 657 1672 ist
683 1609 742 1672 das
772 1607 923 1690 folgende
952 1629 1019 1674 von
1044 1611 1102 1674 der
1127 1609 1352 1675 Uebersebrift

169 1695 387 1778 unabhtingig.
421 1697 517 1762 Diese
543 1699 757 1779 abgarissene
774 1699 899 1763 Nanier
922 1699 964 1762 ist
989 1700 1064 1765 dem
1081 1705 1180 1781 guten
1199 1698 1270 1778 Stil,
1288 1700 1350 1764 wie

167 1784 365 1868 uberhaupt,
397 1805 435 1850 so
466 1787 652 1853 besonders
681 1788 736 1853 bei
759 1787 825 1853 den
850 1787 1010 1853 Griecheu
1038 1791 1105 1853 und
1128 1789 1273 1854 Rdmern
1295 1810 1351 1854 zu-

167 1876 300 1940 wider.“
337 1877 421 1940 Nam
451 1884 484 1941 et
511 1878 545 1940 in
575 1878 694 1942 ceteris
724 1878 798 1940 vitis
826 1878 938 1960 Nepos
967 1877 1035 1944 lere
1070 1880 1186 1944 eadem
1219 1880 1350 1944 ratione

168 1971 265 2047 atque
290 1966 323 2030 in
346 1966 484 2048 prolatis
507 1986 578 2032 rem
594 1968 717 2048 incepit
741 1986 849 2052 neque
865 1969 898 2032 in
914 1969 1021 2033 Dione
1038 1970 1203 2034 sententia
1220 1969 1351 2033 initialis

167 2061 235 2118 tam
259 2074 346 2119 nexu
370 2063 462 2121 caret
487 2077 583 2139 quam
610 2057 695 2121 alibi.

279 2144 486 2226 Quamquam
533 2148 568 2210 in
614 2142 757 2210 serenda
802 2147 991 2211 narratione
1032 2145 1200 2212 Cornelius
1238 2148 1349 2230 Nepos

170 2231 361 2316 plerumque
390 2240 576 2316 temporum
604 2237 769 2300 rationem
800 2243 933 2301 secutus
963 2241 1027 2314 est,
1055 2243 1168 2301 tamen
1191 2239 1280 2302 haud
1304 2239 1351 2302 ita

169 2322 284 2402 paucis
313 2322 395 2388 locis
424 2331 556 2405 praeter
584 2326 822 2407 neglegentiam
856 2345 876 2390 a
903 2326 1103 2407 Nipperdeio
1132 2328 1350 2410 vituperatum

167 2417 200 2474 et
223 2418 357 2493 practer
372 2414 645 2496 Epaminondam
666 2415 880 2498 Atticumque
908 2415 1006 2497 plane
1032 2416 1095 2480 alio
1121 2416 1260 2482 consilio
1285 2419 1351 2482 dis-

166 2502 294 2581 positos
325 2505 498 2568 aratione
529 2505 765 2586 chronologica
794 2507 935 2586 scriptor
959 2506 1058 2569 etiam
1082 2505 1158 2570 abbi
1183 2509 1350 2588 digressus

167 2597 225 2655 est.
263 2591 375 2656 Verba
404 2595 492 2658 enim
520 2593 575 2657 illa
604 2613 688 2677 quae
719 2597 814 2678 quasi
842 2593 969 2660 titulum
992 2596 1078 2658 vitae
1111 2615 1187 2662 esse
1212 2599 1351 2662 diximus

165 2680 308 2761 plurimis
344 2683 378 2746 in
413 2683 486 2747 vitis
521 2687 688 2749 sententia
725 2687 886 2768 sequitur,
924 2703 989 2768 qua
1027 2691 1145 2750 auctor
1181 2688 1351 2752 consilium

167 2771 367 2834 narrationis
400 2775 588 2837 summatim
612 2775 790 2839 nobiscum
820 2776 1056 2855 communicat;
1091 2795 1188 2859 quam
1217 2796 1287 2842 rem
1317 2787 1352 2842 ut

169 2855 330 2922 illustrem
355 2867 387 2924 et
411 2863 641 2944 comprobem,
667 2865 841 2930 nonnullos
865 2865 960 2930 locos
984 2865 1237 2930 transscribam:

276 2947 402 3014 Them.
425 2952 446 3015 l.
475 2953 502 3017 1.
538 2953 651 3018 Hnias
670 2957 756 3018 oo'tr'a
780 2956 928 3018 incantas
955 2954 1200 3019 adulescentiae
1219 2959 1352 3040 mapnn's

166 3043 244 3100 sant
272 3042 447 3105 emendata
478 3044 672 3124 virtutibus,
707 3045 788 3108 adeo
820 3051 858 3114 at
891 3047 1102 3130 anteferatur
1137 3046 1214 3110 baio
1247 3067 1352 3127 nemo,

158 3129 266 3208 panai
282 3147 387 3211 pares
403 3137 591 3214 pertentor.
623 3133 690 3197 Sed
713 3135 754 3198 ab
777 3135 875 3199 initio
898 3142 947 3199 est
969 3136 1155 3199 andiendus.

185 3305 202 3367 b
273 3217 383 3283 Paus
414 3220 437 3284 Ι.
471 3222 499 3284 1.
546 3222 637 3286 Nam
671 3229 709 3286 nt
741 3226 921 3289 virtutibus
956 3224 1063 3289 alandt
1097 3228 1146 3289 sic
1177 3227 1269 3289 vitiis
1304 3232 1352 3288 est

165 3311 310 3370 oratus.

274 3397 356 3480 Lys
381 3397 403 3461 l.
432 3400 459 3462 1.
615 3421 774 3484 mapnam
809 3403 945 3488 reliquit
977 3407 1032 3468 snt
1062 3405 1207 3491 famam,
1243 3407 1352 3489 mapis

164 3478 327 3565 felicitate
352 3507 451 3570 qaam
475 3489 598 3553 virtute
615 3498 766 3573 partam.

273 3575 350 3640 Alc.
375 3576 398 3644 1.
426 3579 457 3644 1.
482 3617 526 3627 —
549 3581 592 3642 In
613 3581 671 3645 boc
694 3583 774 3664 qnid
789 3588 916 3646 natura
940 3583 1069 3669 efficere
1087 3585 1197 3666 possit
1219 3583 1351 3646 videtur

168 3667 317 3742 cooperta.
361 3665 496 3732 Constat
531 3672 620 3733 enim
654 3671 743 3734 inter
777 3693 903 3753 omnes,
939 3676 997 3756 qai
1030 3675 1070 3738 de
1105 3694 1140 3737 eo
1174 3675 1350 3736 memoriae

165 3751 407 3834 prodiderant,
430 3758 516 3821 nibil
539 3758 597 3822 ato
616 3762 724 3845 fnisse
742 3761 971 3842 emcetlentr'as,
994 3764 1045 3827 aet
1068 3766 1104 3826 in
1126 3764 1219 3826 cittis
1241 3761 1291 3826 oet
1313 3764 1350 3826 in

168 3840 358 3908 virtutibus.
395 3844 478 3909 Item
502 3848 535 3910 in
558 3847 633 3930 Am,
662 3851 795 3932 ilerda,
821 3850 911 3932 Con,
936 3853 1009 3937 Ipb.
1034 3859 1096 3919 eto.

168 4016 173 4028 ι
275 3931 396 3998 Exinde
422 3941 533 4000 autem
558 3937 668 4021 Nepos
696 3941 886 4024 plerumque
916 3944 1026 4006 statim
1055 3944 1088 4006 in
1111 3943 1253 4006 mediam
1278 3961 1349 4007 rem

164 4036 334 4098 ingressus
351 4043 458 4107 neque
477 4027 517 4090 de
541 4034 621 4092 natu
644 4049 752 4113 neque
770 4034 810 4096 de
829 4033 1027 4098 educatione
1052 4033 1193 4116 pueritia
1214 4031 1348 4115 aliisque

273 4252 299 4318 ll
318 4253 411 4308 Patris
424 4271 598 4312 nomennon
612 4260 738 4314 additum
753 4263 851 4316 estin:
871 4265 963 4332 Pana,
978 4265 1051 4336 Lya,
1069 4265 1141 4329 Coa,
1157 4265 1270 4334 Ipta'er,
1284 4265 1349 4329 Pet,

166 4324 253 4392 Apes,
273 4325 362 4393 Phoc,
384 4327 513 4392 Chabria,
533 4329 623 4398 Eam,
646 4333 744 4389 Timet.

273 4397 300 4466 2)
319 4398 398 4453 Idem
419 4399 493 4468 apud
514 4400 681 4456 Suetonium
700 4406 791 4474 primo
811 4408 875 4462 loco
897 4409 1045 4477 exponitur
1063 4408 1122 4478 (cir.
1143 4425 1168 4477 p.
1184 4409 1220 4462 33
1234 4411 1294 4480 sq.).
