3124 4976
799 329 842 392 42

712 421 926 430 --.--.

228 543 467 626 imperatorum
493 545 669 610 duodecim
701 550 769 610 tres
804 545 929 611 classes
962 548 1150 613 discernere
1174 547 1354 629 possimus,
1379 547 1409 609 in

228 633 343 716 quibus
369 640 402 698 et
425 653 506 699 usus
536 640 570 699 et
599 636 681 701 ordo
710 636 866 718 partium,
897 656 981 720 quas
1014 638 1183 721 „species“
1209 637 1410 710 vocavimus,

228 723 347 788 diversi
390 731 480 790 sunt:
524 725 661 807 primam
706 726 874 806 Iuliorum,
921 728 1058 792 alteram
1098 725 1238 792 Neronis
1284 726 1408 793 Galbae

228 811 368 879 Othonis
396 815 524 893 Vitelhi,
564 816 696 880 tertiam
738 816 936 883 Flauiorum.
991 818 1081 883 Inter
1119 818 1252 882 Flavios
1300 821 1410 882 autem

227 904 453 987 Vespasianus
482 909 516 970 et
546 905 636 970 Titus
665 907 700 970 in
728 906 897 986 Iuliorum,
923 908 1127 973 Domitianus
1157 908 1189 971 in
1212 906 1354 972 Neronis
1378 911 1410 970 et

228 995 446 1060 consimilium
469 995 632 1061 rationem
650 1001 728 1061 sunt
745 998 878 1062 conditi.
916 995 1060 1064 Schema
1074 999 1184 1080 igitur,
1210 1016 1275 1080 quo
1294 1003 1410 1062 auctor

226 1085 337 1164 utitur,
362 1085 428 1150 hoc
452 1089 516 1149 est:

360 1175 381 1241 l.
407 1174 575 1240 Praelatio
602 1177 641 1240 de
667 1180 764 1257 gente
789 1175 910 1242 familia
935 1183 996 1242 etc.

347 1265 383 1330 11.
409 1266 504 1331 Vitae
532 1284 662 1331 summa
690 1267 759 1330 sive
788 1267 855 1331 vita
880 1273 956 1332 ante
980 1267 1197 1350 principatum
1223 1274 1406 1350 acceptum.

333 1354 384 1420 lll.
409 1356 484 1421 Vita
499 1362 576 1439 post
591 1355 811 1438 principatum
828 1357 958 1438 initum3
984 1375 1067 1440 quae
1084 1377 1162 1441 pars
1179 1358 1283 1423 divisa
1304 1365 1355 1423 est
1375 1359 1408 1423 in

409 1446 447 1510 A.
473 1447 582 1510 Vitam
604 1445 771 1528 publicam
796 1447 866 1530 (res
890 1447 976 1513 bello
1001 1466 1151 1532 paceque
1177 1451 1305 1531 gestae)
1330 1453 1363 1513 et

411 1536 448 1600 B.
473 1535 582 1601 Vitam
607 1535 778 1618 privatam.

710 1736 925 1745 ——-—

723 1892 811 1994 cap.
839 1891 905 1974 ΙΙΙ.

333 2105 451 2171 Adhuc
475 2123 545 2169 non
570 2106 639 2169 sine
663 2104 755 2170 lucro
782 2106 1013 2188 quaestionem
1037 2106 1215 2171 instituisse
1239 2106 1334 2170 nobis
1357 2105 1406 2169 ui-

97 2211 105 2226 ·
225 2198 350 2261 demur.
387 2193 481 2260 Nunc
497 2214 576 2260 vero
601 2195 643 2259 ad
666 2214 785 2260 munus
809 2197 917 2259 minus
941 2193 1146 2261 fructuosum
1169 2195 1405 2260 transeundum

225 2292 289 2364 est,
319 2290 355 2350 ut
384 2287 485 2351 etiam
516 2287 556 2351 de
582 2286 674 2350 ‘viris
702 2283 894 2350 illustribus’
919 2283 1067 2350 Suetonii
1102 2303 1283 2368 eorumque
1314 2304 1406 2350 com-

223 2377 389 2458 positione
416 2377 633 2459 disputemus,
670 2382 705 2440 ut
739 2377 876 2440 tandem
912 2380 1016 2440 totam
1047 2376 1115 2440 eius
1145 2381 1249 2440 artem
1274 2376 1403 2458 biogra-

223 2467 355 2548 phicam
379 2466 475 2531 nobis
501 2472 577 2531 ante
603 2466 719 2531 oculos
747 2483 984 2548 proponamus.
1024 2464 1175 2530 Perbeue
1205 2472 1316 2530 autem
1340 2467 1404 2529 iam

225 2557 345 2621 aviris
371 2557 479 2622 doctis
504 2558 543 2621 de
570 2574 671 2638 opere
696 2555 749 2620 illo
775 2554 962 2636 expositum
988 2560 1052 2630 est,
1077 2555 1234 2637 imprimis
1259 2556 1300 2621 ab
1317 2555 1405 2620 Hen-

222 2648 293 2712 rico
321 2647 532 2728 Doergens1)
568 2652 601 2710 et
629 2645 777 2726 Augusto
807 2643 1045 2709 Reifferscheid
1057 2646 1093 2730 ²),
1132 2647 1223 2710 cuius
1259 2646 1403 2711 editione

222 2757 301 2802 usus
325 2756 397 2801 sum
412 2738 448 2820 ³).
486 2736 612 2800 Tamen
637 2734 793 2800 nonnulla
816 2754 879 2799 nos
902 2753 991 2799 nova
1013 2735 1204 2817 prolaturos
1230 2754 1304 2801 csse
1330 2755 1404 2819 spe-

222 2846 333 2892 ramus
358 2828 506 2912 quamvis
532 2826 637 2891 exilia.

330 2917 552 2982 Dubitandum
587 2935 656 2981 non
691 2921 756 2996 est,
792 2916 870 3000 quin
906 2915 1066 2981 Suetonio
1099 2920 1214 2980 acturo
1252 2918 1292 2982 de
1326 2918 1402 2982 viris

221 3005 399 3072 illustribus
433 3007 506 3072 libri
540 3009 581 3072 de
617 3009 739 3072 eodem
775 3011 968 3088 argumento
1002 3006 1068 3070 iam
1098 3010 1198 3069 antea
1228 3008 1404 3089 compositi

222 3102 357 3178 praesto
386 3095 503 3162 fuerint
527 3097 687 3162 Varronis
724 3097 867 3161 Santrae
903 3093 1039 3176 Nepotis
1074 3094 1198 3178 Hygini.
1248 3096 1285 3160 ld
1308 3097 1402 3163 facile

224 3187 289 3250 iam
313 3186 389 3252 inde
416 3188 524 3252 conici
547 3192 673 3269 potest,
700 3186 788 3268 quod
812 3185 883 3266 ipse
909 3202 1011 3266 opera
1039 3184 1093 3247 illa
1118 3185 1196 3250 citat
1221 3185 1403 3270 (Doergcns

222 3275 241 3339 l.
263 3277 283 3340 l.
308 3297 385 3359 pars
406 3276 472 3354 ΙΙΙ).
512 3277 596 3356 Quin
624 3276 723 3340 etiam
747 3275 810 3338 hos
834 3274 975 3338 maxime
990 3274 1211 3358 Tranquillum
1235 3276 1267 3340 in
1291 3277 1403 3360 dispo-

223 3367 334 3432 nenda
356 3368 493 3431 materie
517 3366 679 3430 imitatum
704 3383 779 3429 esse
806 3365 936 3447 opinor,
967 3383 1166 3449 quamquam
1192 3384 1234 3429 cx
1258 3367 1403 3432 disiectis

221 3457 281 3521 illis
305 3476 345 3522 ac
369 3457 526 3538 dispersis
558 3455 750 3544 fragmentis
787 3460 878 3520 certa
907 3456 1077 3520 conclusio
1102 3474 1170 3520 non
1200 3458 1403 3525 conceditur.

224 3547 296 3628 Qua
322 3549 361 3612 de
386 3547 570 3611 imitatione
595 3542 678 3609 infra
701 3546 806 3610 verba
829 3543 995 3611 iaciemus.

331 3637 569 3717 Quaestionem
587 3641 696 3700 autern
712 3637 759 3700 ita
774 3637 998 3714 instituamus
1023 3641 1058 3699 ut
1080 3637 1220 3718 primum
1238 3638 1278 3702 de
1296 3657 1403 3720 gram-

224 3727 350 3791 maticis
367 3725 516 3792 Suetonii
540 3726 612 3809 (cfr.
629 3725 864 3792 Reifferscheid
888 3727 907 3790 l.
925 3727 944 3790 l.
969 3745 1000 3806 p.
1018 3725 1198 3810 98-119),
1217 3729 1272 3811 qui
1286 3729 1404 3810 integri

223 3816 289 3882 lere
315 3820 459 3881 aetatem
482 3817 624 3895 tulerint,
649 3834 759 3898 pauca
777 3816 967 3895 afferamus,
992 3833 1099 3901 neque
1125 3817 1159 3880 in
1184 3818 1302 3882 ceteris
1326 3836 1403 3900 par-

222 3908 309 3972 tibus
334 3907 397 3970 nisi
420 3906 565 3971 breviter
588 3907 798 3971 haereamus

332 3997 407 4061 Toti
435 3997 590 4061 tractatui
618 3996 718 4061 index
753 3998 890 4080 simplex
919 3997 1090 4062 nominum
1118 3999 1320 4080 praemissus
1350 4004 1402 4063 est

331 4193 358 4262 1)
375 4193 467 4249 Ueber
488 4193 611 4248 Suetons
629 4193 714 4249 Werk
733 4194 781 4249 ‘de
800 4195 851 4248 vir.
871 4192 917 4250 ill.'
937 4193 959 4246 L
979 4209 1019 4262 ag.
1042 4192 1119 4248 1857.

330 4263 358 4333 2)
376 4263 406 4320 C.
427 4265 505 4324 Suet.
525 4265 627 4336 Tranq.
647 4270 759 4336 praeter
778 4264 917 4321 Caesares
936 4211 991 4319 ler.
1010 4265 1146 4334 reliquiae
1166 4264 1241 4336 Lips.
1262 4264 1340 4320 1860.

330 4338 357 4406 3)
375 4337 514 4393 Adhibitis
542 4339 669 4408 proiecto
695 4338 778 4393 etiam
802 4337 905 4392 ceteris
935 4337 1105 4393 editionibus
1130 4337 1165 4391 ab
1185 4338 1401 4408 matti-Wolf,

221 4411 306 4482 Haeo,
326 4411 404 4480 Oros,
427 4410 527 4475 Osann,
546 4412 618 4468 aaa
635 4411 665 4466 in
684 4411 777 4466 lucem
795 4409 922 4482 proditis.
