3124 4976
756 333 795 396 11

665 425 880 434 ...-—---

182 556 226 636 (p.
252 550 423 629 489-92)
449 550 581 630 saepius
606 503 745 631 partium
774 548 970 628 singularum
995 565 1063 610 nou
1092 550 1143 609 sat
1145 545 1171 608 is
1196 563 1296 610 unam
1320 543 1364 608 ab

183 644 245 708 alia
275 659 350 706 esse
379 641 565 704 distinctam
596 639 751 703 concedit
737 638 846 720 ttex.
878 656 923 718 gr.
956 637 1052 700 10111
1038 636 1139 712 ῖ.20)
1180 635 1217 698 ln
1250 634 1366 698 ultima

158 727 293 797 'autem
324 731 556 796 dissertatione
586 729 681 810 plane
711 728 803 791 dicit:
834 727 906 806 ,die
937 725 1089 790 schema
1090 724 1181 788 tsche
1211 723 1366 788 Behand-

182 824 260 904 ΙΧΧΧ
283 839 354 884 war
378 820 428 883 fiir
453 821 512 883 das
537 817 705 883 hausliche
722 817 833 881 Leben
858 833 1093 917 angemessen‚
1119 813 1245 879 Sueton
1268 813 1367 876 iiber-

183 919 258 992 trug
274 912 322 974 sie
345 909 402 974 auf
420 910 479 973 das
502 908 714 973 dtlentliche“
719 908 897 1009 ,it,aque
902 905 1114 970 1111Χ11ο11Χ1110
1139 910 1175 967 Χῖ
1195 904 1241 968 ita
1257 902 1363 966 dicam

185 1002 227 1064 vi
217 1007 283 1065 tam
309 1000 476 1064 hominum
501 999 621 1062 eodem
645 998 778 1062 modo
770 1015 836 1060 ram
861 1001 938 1060 ante
957 994 1035 1060 Suet
1022 995 1148 1058 ionium
1165 994 1366 1074 descriptam

185 1091 284 1155 luisse
315 1090 525 1156 concessisse
554 1089 633 1152 mihi
662 1087 793 1170 quidem
823 1086 911 1149 vide
898 1091 960 1151 ur.
1001 1085 1087 1149 An
1079 1103 1112 1147 m
1141 1101 1181 1148 eo
1211 1082 1367 1148 Caesaris

185 1183 285 1244 vitam
312 1179 478 1261 respexit?
520 1178 648 1242 Vellem
676 1178 709 1241 id
737 1177 922 1257 planiuset
950 1175 1076 1257 plenius
1110 1174 1290 1237 indicasset
1316 1173 1368 1236 vir

183 1270 427 1334 illustrissimus.
474 1267 600 1347 Quodsi
633 1267 686 1330 cui
725 1271 918 1346 argumenta
946 1264 1078 1329 Nisseni
1111 1263 1223 1344 priora
1261 1264 1368 1343 impo-

185 1364 335 1436 suerunt,
356 1361 456 1422 etiarn
472 1358 534 1421 has
552 1362 683 1422 sentent
685 1357 734 1419 ias
753 1357 836 1432 eius,
863 1354 981 1457 quibus
999 1353 1168 1418 debilitt
1097 1359 1168 1416 ttan
1170 1371 1222 1429 ur,
1248 1351 1367 1416 summi
1414 1387 1417 1394 «

185 1449 346 1514 momenti
378 1465 453 1512 esse
494 1447 659 1510 concedat
646 1453 840 1510 tnecesse
877 1445 946 1508 erit.
924 1443 1148 1508 tCeterum
1184 1461 1248 1507 nos
1283 1439 1369 1506 intra

188 1541 232 1622 (p.
258 1540 297 1602 31
332 1538 396 1619 sq)
433 1554 639 1618 exponemus
668 1533 749 1600 Suet
736 1535 923 1598 toniumet
949 1534 1086 1615 proprio
1109 1533 1240 1596 vivendi
1263 1532 1367 1596 modo

187 1626 438 1709 versandique
430 1646 462 1689 1n
491 1627 607 1690 studiis
638 1631 670 1689 et
704 1625 800 1688 etatis
836 1643 917 1688 suae
951 1623 1100 1688 moribus
1131 1623 1173 1686 ad
1207 1621 1370 1686 eiusmodi

187 1737 223 1782 ra
225 1719 346 1782 tionem
373 1717 492 1780 adduci
515 1717 673 1798 potuisse.

294 1806 361 1872 Sed
397 1824 477 1870 ecce
515 1824 632 1871 omnes
668 1805 718 1868 vir
754 1805 920 1884 egregrius
953 1802 1105 1885 profligat
1091 1801 1261 1865 tdubitat
1212 1801 1366 1865 itiones.

187 1897 307 1961 Tribus
331 1896 415 1960 locis
439 1896 527 1959 idem
551 1894 619 1958 tere
644 1894 775 1974 repetit:
809 1892 955 1977 „Sueten
983 1911 1073 1956 muss
1102 1893 1177 1955 eine
1201 1888 1370 1955 Abschrilt

186 1988 244 2051 des
262 1987 511 2051 Monumentum
523 1983 880 2066 Ancyranumbenutzt
867 1982 1019 2048 t“haben
1041 1983 1074 2064 (p
1079 1981 1176 2058 .494,
1189 1979 1253 2044 491
1259 1979 1367 2059 ,4118)

295 2075 364 2139 Iam
381 2075 546 2156 paulisper
558 2075 600 2137 ad
613 2075 719 2155 ipsam
733 2074 1050 2154 argumentationem
1064 2071 1210 2136 auctoris
1224 2071 1369 2134 animum

190 2166 399 2228 advertamus
417 2182 456 2226 ac
473 2165 612 2244 primum
629 2163 758 2247 quidem
776 2164 816 2227 de
833 2163 1001 2246 utriusque
1015 2162 1127 2243 scripti
1140 2161 1369 2242 dispositione,

190 2254 310 2318 deinde
335 2253 376 2316 de
401 2253 652 2334 dispositionum
683 2254 930 2334 comparatione
954 2270 1062 2334 pauca
1085 2251 1255 2316 addamus.
1292 2249 1369 2313 Mihi

189 2344 274 2408 enim
293 2343 455 2407 eiusmodi
479 2343 629 2421 schema,
655 2343 748 2425 quale
765 2342 884 2406 Nissen
901 2343 941 2406 de
959 2342 1171 2406 Monumento
1189 2341 1369 2422 Ancyrano

188 2433 323 2515 protulit
348 2451 423 2496 cum
448 2433 662 2496 accuratione
688 2439 721 2496 et
744 2433 882 2496 ueritate
907 2431 1028 2496 factum
1054 2449 1128 2495 esse
1153 2430 1241 2494 nullo
1267 2430 1370 2494 modo

190 2525 324 2588 videtur.
363 2521 460 2602 Quod
494 2522 559 2585 iam
593 2541 635 2596 ex
670 2523 777 2604 prima
808 2527 902 2604 parte
932 2523 1013 2586 satis
1043 2519 1200 2598 elucebit,
1236 2537 1299 2602 qua
1329 2519 1368 2583 de

188 2613 286 2678 rebus
305 2613 533 2676 diversissimis
552 2613 619 2693 agi,
645 2613 699 2695 qui
715 2613 819 2676 semel
836 2631 911 2676 eam
928 2611 1057 2694 legerit,
1082 2610 1261 2690 intelleget,
1287 2627 1371 2691 quae

189 2721 243 2766 res
269 2703 363 2765 simul
391 2703 432 2765 ad
456 2708 569 2783 partes
593 2701 639 2780 2⁰,
662 2703 708 2780 30,
729 2703 775 2780 4⁰,
800 2703 844 2780 10,
867 2700 912 2780 80,
939 2703 1058 2767 eodem
1082 2700 1183 2765 modo
1209 2703 1371 2780 spectant.

190 2791 273 2854 llam
302 2808 372 2855 non
401 2791 507 2855 solum
536 2791 576 2855 de
608 2790 715 2870 bellis,
753 2793 813 2855 sed
841 2792 941 2856 etiam
971 2793 1011 2856 de
1040 2788 1282 2871 magistratibus
1306 2789 1372 2870 (20)

192 2879 374 2944 honoribus
404 2882 671 2945 extraordinariis
701 2882 765 2964 (30)
791 2882 947 2962 impensis
972 2881 1036 2962 (40)
1067 2880 1215 2944 custodia
1244 2878 1373 2959 imperii

192 2971 413 3054 reornantur)
436 2971 603 3052 praesidio
628 2972 729 3035 totius
753 2977 915 3035 terrarum
940 2971 1029 3034 orbis
1045 2969 1109 3052 (10)
1134 2975 1198 3034 etc.
1221 2968 1275 3031 illo
1293 2968 1372 3032 loco

192 3061 306 3142 agitur.
354 3060 522 3126 Eiusmodi
560 3062 630 3124 veri
672 3061 796 3125 ordinis
835 3058 999 3124 defectum
1039 3060 1140 3123 etiam
1180 3060 1213 3121 in
1252 3057 1373 3121 ceteris

192 3149 352 3231 capitibus
390 3149 595 3215 Monumenti
633 3168 654 3213 Χ
686 3150 841 3214 Nissenio
879 3150 1038 3214 distinctis
1075 3149 1273 3212 invenimus:
1315 3145 1372 3211 cfr.

192 3239 333 3321 exempli
358 3240 463 3320 gratia
486 3241 589 3321 partis
614 3239 651 3303 30
677 3240 1018 3322 „ausserordentliche
1040 3238 1170 3302 11111Χ110
1202 3242 1301 3318 caput
1320 3236 1373 3314 13,

190 3329 247 3393 ubi
284 3331 324 3393 de
359 3329 438 3393 lano
478 3335 529 3394 ter
568 3330 682 3395 clauso
723 3329 867 3412 loquitur
902 3329 1083 3410 Augustus,
1123 3327 1176 3392 vel
1210 3327 1312 3408 partis
1337 3325 1373 3388 60

193 3418 344 3503 ,‚Spiele“
372 3425 471 3500 caput
493 3420 552 3497 24,
582 3439 647 3502 quo
678 3420 719 3484 de
748 3419 945 3499 templorum
976 3417 1178 3482 ornamentis
1202 3417 1235 3479 in
1260 3416 1374 3480 Asiam

193 3509 307 3572 delatis
331 3509 400 3572 aliis
417 3509 517 3573 rebus
533 3509 637 3573 verba
653 3508 732 3573 tacit
753 3515 885 3587 auctor3
904 3508 995 3572 alias.
1022 3507 1152 3587 Quanta
1170 3524 1187 3570 e
1205 3506 1373 3570 contrario

194 3599 235 3661 sit
261 3599 479 3679 perspicuitas
512 3601 545 3662 in
580 3599 717 3680 Augusti
748 3600 816 3662 vita
850 3597 1052 3663 Suetoniana
1087 3597 1172 3664 iufra
1201 3595 1376 3677 apparebit

191 3684 264 3769 (cfr.
289 3707 320 3768 p.
346 3689 388 3751 33
412 3691 484 3772 sq.).
523 3687 641 3754 Omnia
664 3688 750 3752 enim
776 3689 820 3752 ad
845 3688 1046 3752 certissimas
1062 3689 1208 3752 rationes
1227 3686 1376 3750 seiuncta

193 3777 283 3841 etin
308 3777 450 3858 singulas
476 3776 627 3859 ‘species’
651 3777 824 3842 distributa
848 3783 934 3842 suut.

299 3867 349 3931 Ad
363 3885 501 3948 operum
515 3869 654 3933 duorum
667 3869 951 3949 comparationem
964 3867 1019 3931 ubi
1030 3867 1219 3944 transimus,
1236 3864 1377 3928 libenter

193 3957 325 4038 quidem
342 3958 555 4022 concedimus
570 3956 767 4023 Suetonium
783 3957 920 4038 Augusti
936 3957 1059 4038 scripta
1075 3957 1210 4020 novisse
1221 3956 1245 4037 ¹)
1267 3971 1374 4036 neque

192 4046 408 4111 dubitandum
437 4066 528 4126 esse,
559 4049 636 4130 quin
664 4047 830 4114 nonnullis
861 4047 1046 4130 (numeravi
1074 4051 1151 4110 octo
1132 4046 1165 4127 Χ)
1116 4045 1277 4110 tlocis
1302 4061 1377 4108 ver-

192 4136 312 4200 borum
335 4138 510 4202 similitudo
529 4138 692 4221 quaedam
710 4143 865 4201 occurrat
873 4138 909 4220 2).
945 4136 1031 4200 Fieri
1046 4141 1161 4199 tamen
1177 4138 1376 4217 poterat,ut

300 4351 329 4490 11
346 4349 842 4478 (1411144111ξΧὲἓ1ῖ1ξῗ1ΧΜοΧ1ΧΧ.
859 4437 1028 4492 quamquam
1047 4423 1082 4492 (p.
1097 4422 1152 4490 IX.)
1168 4436 1231 4477 curn
1242 4419 1376 4475 Nissenio
