3124 4976
789 341 833 405 64

188 611 191 617 .
221 556 345 619 nodum
375 557 423 619 sic
452 557 535 621 solvi
563 575 663 638 posse
695 557 919 635 existumavit,
944 565 978 621 ut
1001 559 1084 622 vitas
1113 559 1182 622 illas
1211 575 1326 621 omnes
1356 556 1399 620 ab

219 663 289 709 uno
315 652 452 710 anctore
478 653 617 710 exeunte
644 653 760 729 quarto
786 648 921 712 saeculo
952 649 1103 712 conditas
1129 665 1204 712 esse
1229 652 1403 710 statueret..

221 735 322 799 Huius
347 754 425 800 mox
450 737 609 800 acerrime
633 737 813 801 refutarunt
837 739 1033 802 sententiam
1051 737 1236 802 Mommsen
1261 736 1294 818 (1,
1307 737 1342 816 l.)
1366 743 1398 799 et

223 825 322 888 Klebs
338 826 379 908 (l.
397 825 443 906 l),
478 845 618 908 quorum
643 833 779 909 uterque
812 846 985 892 numerum
1018 829 1172 892 traditum
1204 827 1399 908 scriptorum

222 915 485 979 conservandum
522 934 597 980 esse
634 918 750 981 merito
788 935 827 980 ac
862 918 959 981 bonis
989 919 1097 981 causis
1129 916 1397 998 comprobarunt.

222 1005 329 1087 Atque
354 1005 405 1069 ille
431 1004 563 1088 quidem
587 1007 741 1070 sustinuit
775 1005 860 1070 vitas
894 1007 995 1070 hasce
1026 1008 1129 1071 semel
1159 1014 1258 1089 atque
1282 1007 1399 1070 iterum

221 1095 420 1176 recensitae,
459 1102 680 1160 commutatas
716 1103 814 1179 atque
845 1097 1075 1161 additamentis
1103 1098 1281 1160 instructas
1311 1113 1398 1173 esse,

220 1185 272 1248 hic
291 1190 407 1249 contra
423 1187 618 1249 sententiam
635 1205 729 1252 suam
745 1186 835 1250 hisce
852 1184 921 1251 fere
939 1187 1048 1250 verbis
1067 1187 1230 1269 exprimit:
1252 1185 1399 1263 ,Unsere

222 1273 413 1356 Sammlung
436 1275 478 1338 ist
501 1276 665 1340 demnach
690 1276 853 1340 durchaus
879 1277 931 1340 ein
946 1277 1123 1358 Erzeugnis
1148 1276 1207 1340 der
1231 1274 1400 1340 diocletia-

218 1364 632 1429 nisch-konstantinischen
662 1365 747 1445 Zeit3
777 1366 824 1430 sie
849 1366 936 1430 stellt
964 1367 1033 1429 sich
1063 1367 1123 1431 dar
1150 1367 1197 1430 als
1226 1367 1298 1430 eine
1327 1365 1400 1428 rein

221 1453 422 1518 {iusserliche
453 1454 775 1537 Zusammenliigung
802 1455 1238 1534 verschiedenerllrbeiten,
1263 1455 1317 1518 bei
1341 1454 1402 1518 der

219 1542 269 1606 fiir
292 1564 352 1608 uns
378 1543 506 1625 Spuren
530 1545 621 1609 einer
645 1543 1075 1610 einheitlichenRedaction
1099 1546 1191 1610 nicht
1215 1543 1400 1609 erkennbar

222 1634 303 1695 sind.
339 1634 637 1713 hlanchesRiitsel,
666 1634 725 1698 das
750 1634 878 1699 sochen
902 1635 1008 1716 gelost
1032 1636 1199 1713 erschien,
1225 1634 1326 1700 hleibt
1350 1635 1399 1697 als

219 1723 333 1786 Riitsel
356 1723 535 1803 bestehen;
566 1725 747 1803 einzelnes,
777 1726 838 1788 vvie
868 1726 918 1789 die
948 1725 1150 1807 Entstehung
1178 1726 1237 1790 der
1259 1725 1401 1789 Verwir-

219 1832 301 1893 rung
335 1814 368 1876 in
406 1815 470 1878 den
506 1813 872 1892 Sciniltstellernamen,
911 1815 992 1879 vird
1031 1815 1100 1880 sich
1136 1816 1188 1878 nie
1225 1812 1396 1878 aulkliiren

218 1901 329 1966 lassen
346 1903 378 1983 (l.
395 1903 413 1965 l.
431 1917 461 1984 p.
477 1903 588 1986 464).“
639 1905 705 1968 Has
723 1905 832 1968 varias
849 1904 1021 1968 doctorum
1039 1905 1220 1969 sententias
1245 1904 1300 1985 qui
1324 1922 1398 1986 per-

219 1993 399 2070 censeant,
437 1992 519 2056 alios
554 1993 622 2057 aliis
658 2013 699 2058 cx
729 1995 839 2058 causis
869 1995 902 2056 in
930 1994 1080 2058 taxandis
1106 1993 1296 2058 auctoribus
1321 2012 1399 2074 pro-

217 2081 323 2145 fectos
348 2101 421 2146 esse
446 2082 570 2146 videbit
604 2101 711 2165 neque
742 2102 940 2166 quemquam
969 2102 1010 2147 ex
1039 2084 1112 2148 sola
1136 2089 1206 2148 arte
1231 2083 1400 2148 scribendi

219 2173 288 2235 sive
314 2191 355 2235 ex
380 2190 517 2253 operum
542 2173 758 2254 dispositione
782 2179 815 2238 et
839 2174 963 2238 ordine.

326 2261 409 2339 Noe,
440 2269 475 2326 ut
503 2263 567 2326 iam
591 2283 621 2344 p.
639 2263 680 2326 47
713 2264 832 2328 dictum
862 2270 926 2342 est,
953 2264 1030 2327 dum
1053 2264 1253 2327 imitationes
1279 2261 1399 2327 Sueto-

218 2352 336 2414 nianas
353 2370 523 2429 venamur,
549 2353 643 2428 simul
666 2354 697 2416 id
716 2355 854 2434 egimus,
879 2358 914 2416 ut
939 2354 1137 2434 singularum
1152 2353 1293 2417 vitarum
1311 2369 1396 2434 quae

176 2516 178 2522 ,
219 2442 284 2503 sint
324 2442 549 2506 similitudines
595 2443 845 2524 compositionis
885 2449 1041 2506 accurate
1081 2444 1393 2507 demonstraremus.

220 2529 344 2608 Quibus
378 2531 521 2613 aliquam
557 2539 646 2597 certe
681 2533 862 2612 argumenti
889 2532 954 2595 vim
986 2533 1256 2614 qualemcumque
1285 2533 1393 2595 inesse

219 2638 411 2700 persuasum
446 2620 622 2699 habemus,
665 2640 864 2703 quamquam
903 2622 991 2686 nullo
1032 2623 1131 2686 modo
1168 2621 1396 2686 contendimus

219 2711 416 2774 tutissimam
435 2729 508 2775 esse
526 2711 612 2774 hanc
631 2711 718 2775 viam
735 2718 791 2774 aut
806 2712 890 2775 adeo
915 2713 1010 2776 unice
1026 2729 1139 2776 veram
1169 2712 1209 2775 ad
1241 2716 1397 2775 auctores

220 2799 480 2878 distribuendos,
507 2801 768 2884 assentimurque
792 2802 825 2865 in
849 2803 1038 2866 universum
1062 2801 1197 2866 Klebsio
1224 2800 1397 2879 dubitanti,

218 2909 297 2952 num
323 2891 456 2954 omnino
482 2891 563 2955 certi
587 2891 762 2974 quidquam
785 2892 825 2956 de
849 2892 913 2955 hac
938 2892 1132 2973 quaestione
1157 2891 1256 2955 statui
1277 2891 1394 2971 possit,

219 2996 293 3043 cum
317 2979 413 3061 plane
438 2980 514 3043 nihil
538 2982 593 3057 sit,
619 2982 706 3062 quod
736 2982 778 3045 ad
803 2999 876 3045 eam
900 2981 1141 3045 diiudicandam
1166 3000 1241 3044 cum
1266 2999 1397 3044 summa

221 3068 420 3134 confidentia
457 3076 489 3133 et
524 3071 690 3135 evidentia
726 3070 895 3135 adhibeas
931 3070 1140 3135 Nihilosetius
1168 3071 1202 3134 in
1225 3069 1395 3152 proposito

220 3159 399 3238 persistere
444 3160 699 3242 haudquaquam
752 3161 971 3224 dubitavimus
1022 3160 1263 3243 edidimusque,
1306 3159 1393 3242 quod

219 3249 401 3312 invenimus
426 3249 459 3310 in
482 3248 662 3330 publicum,
688 3255 723 3312 ut
745 3250 890 3313 iudicent
913 3250 1095 3330 peritiores

324 3338 359 3402 ln
383 3337 610 3402 distributione
636 3344 822 3419 auctorum,
852 3339 891 3403 de
922 3358 986 3422 qua
1010 3339 1083 3403 vide
1112 3340 1241 3404 tabulae
1272 3340 1396 3403 colum-

218 3445 294 3492 nam
330 3433 551 3508 postremam,
588 3429 733 3492 maxima
768 3447 808 3492 ex
837 3434 931 3510 parte
968 3449 1042 3494 cum
1069 3429 1190 3494 Plewio
1227 3434 1260 3494 et
1283 3428 1398 3492 Drein-

218 3516 355 3580 hoefero
379 3518 601 3600 congruimuS,
619 3525 758 3600 excepto
780 3523 908 3583 tantum
924 3518 1099 3584 Commodi
1123 3524 1272 3596 auctore,
1299 3536 1396 3600 quem

218 3606 391 3687 Capitolini
427 3625 501 3672 esse
541 3627 582 3672 ex
619 3609 778 3673 materiae
814 3608 1026 3691 dispositione
1071 3610 1230 3690 suspicati
1271 3626 1395 3673 sumus.

217 3695 307 3760 Haec
333 3696 517 3762 distributio
542 3699 681 3779 primum
706 3699 837 3781 quidem
865 3699 1027 3762 mimirum
1057 3698 1395 3780 argumentationibus

218 3785 344 3849 illorum
368 3787 513 3852 virorum
538 3786 674 3867 fulcitur,
700 3806 784 3870 quos
808 3788 949 3854 laudavi.
983 3788 1049 3853 Sed
1066 3788 1135 3851 aliis
1161 3789 1262 3852 etiam
1286 3787 1395 3852 causis

215 3875 305 3939 haud
321 3877 433 3957 paucis
451 3876 669 3943 confirmatur.
696 3877 815 3960 Negari
832 3879 930 3956 enim,
948 3885 982 3942 ut
998 3878 1094 3942 nobis
1112 3878 1243 3960 quidem
1255 3878 1394 3956 videtur,

217 3977 285 4029 non
308 3967 429 4046 poterit
452 3967 539 4032 hunc
564 3969 759 4049 scriptorum
784 3968 932 4032 ordinem
955 3969 1029 4050 ipsa
1052 3986 1161 4032 rerum
1186 3974 1303 4032 natura
1326 3969 1397 4032 veri

217 4056 319 4118 multo
354 4056 541 4121 similiorem
571 4076 645 4121 esse
675 4076 774 4140 quam
803 4064 932 4122 ceteras
962 4058 1138 4122 divisiones
1167 4057 1235 4122 fere
1266 4075 1393 4122 omnes

218 4144 429 4226 Compilator,
444 4147 497 4228 qui
511 4153 629 4228 postea
647 4165 762 4212 omnes
775 4149 859 4211 vitas
875 4147 907 4211 in
925 4167 1044 4228 corpus
1063 4150 1237 4228 congessit,
1254 4149 1393 4229 primum

218 4233 426 4315 Spartianum
441 4237 558 4301 ducem
573 4243 706 4301 secutus
720 4244 780 4316 est,
798 4237 914 4302 deinde
928 4235 1114 4319 Capitolini,
1128 4244 1197 4302 tum
1208 4236 1394 4320 Lampridii,

217 4323 386 4403 PollioniS,
405 4325 541 4407 Vopisci
557 4328 641 4390 vitas
665 4329 849 4409 exscripsit.
883 4327 995 4410 Neque
1014 4327 1054 4391 ab
1072 4329 1135 4391 hac
1151 4329 1205 4391 via
1229 4328 1394 4409 digressus

219 4422 270 4477 est
295 4416 356 4478 nisi
383 4417 415 4478 in
445 4417 517 4479 vitis
547 4416 652 4480 Avidii
679 4416 798 4496 Cassii,
829 4437 925 4500 quam
951 4415 1119 4482 Gallicano
1153 4424 1185 4481 et
1208 4414 1394 4494 Commodi,
