3124 4976
790 351 835 414 20

704 444 917 452 -—-.—

252 559 287 626 C.
323 563 552 628 c.XIX*extr.
564 566 729 647 appendix
741 565 780 648 1):
838 567 954 649 (4⁰)20
976 589 1003 633 c.
1030 569 1121 633 XXI.
1144 589 1190 653 eq.
1219 571 1259 635 de
1292 574 1401 636 morbo

268 653 301 714 1⁰
325 674 350 716 c.
375 653 467 716 XIX.
484 675 530 738 sq.
548 654 588 718 de
605 675 669 718 nen
688 653 782 720 Octo·
943 665 1048 723 morte
1068 660 1197 746 funere.

322 745 417 807 niani
440 750 471 808 et
494 742 668 825 Antonini,
808 739 811 832 l

325 867 428 932 Recte
440 868 555 933 dehac
567 869 858 954 vitaNipperdeyl.
870 872 890 935 l.
904 873 1086 954 pXXXlV.
1102 875 1237 956 Tamen,
1252 896 1316 960 qua
1328 878 1398 959 lege

217 957 251 1020 in
267 975 364 1021 usum
381 965 530 1022 nostrum
548 961 666 1023 summi
678 962 839 1024 momenti
855 961 907 1041 sit,
925 963 1060 1028 uberius
1079 968 1312 1046 exponendum
1329 969 1398 1032 erit.

325 1047 399 1112 Mea
423 1049 509 1112 enim
528 1049 683 1131 opinione
697 1048 830 1115 Attiano
846 1057 950 1116 artem
965 1050 1203 1118 Suetonianam
1226 1056 1326 1138 plane
1344 1077 1400 1122 ex-

218 1137 339 1201 cultam
352 1156 432 1218 prae
444 1157 481 1203 se
493 1138 565 1218 sert,
575 1141 676 1204 modo
688 1140 921 1205 subtrahamus
934 1142 1158 1209 subtrahenda
1169 1147 1398 1231 rationemque

216 1226 400 1291 habeamus
430 1234 463 1292 et
493 1246 601 1293 rerum
631 1231 899 1295 dissimilitudinis
931 1237 964 1296 ct
993 1251 1110 1300 eorum
1135 1255 1218 1318 quae
1243 1237 1276 1300 in
1300 1238 1399 1303 Attici

218 1319 459 1399 compositione
476 1319 656 1400 peculiaria
676 1326 761 1385 sunt.
793 1321 877 1384 Nam
894 1322 1005 1386 ultima
1020 1325 1115 1389 huius
1132 1328 1218 1390 vitae
1236 1347 1314 1408 pars
1332 1327 1399 1411 (O.)

216 1408 380 1488 appendix
399 1414 451 1472 est
466 1416 585 1490 postea
603 1410 780 1491 adscripta.
818 1408 883 1475 Sed
907 1413 972 1476 iam
994 1415 1021 1477 si
1038 1432 1189 1497 quaeras,
1216 1436 1300 1499 quae
1327 1424 1399 1482 tan-

217 1497 292 1560 dem
317 1498 381 1560 sint
404 1498 644 1578 similitudines
673 1501 778 1581 primo
805 1501 922 1566 obtutu
947 1521 1005 1568 eas
1031 1508 1189 1588 cognosci
1214 1509 1266 1572 aio
1291 1497 1405 1592 neque'

216 1588 322 1650 minus
362 1588 395 1650 in
436 1589 550 1654 ordine
590 1590 693 1654 totius
734 1592 842 1673 operis
879 1612 978 1676 quam
1017 1596 1050 1660 in
1085 1597 1217 1678 singulis
1252 1597 1398 1679 partibus

215 1682 355 1758 possunt
378 1678 525 1742 inveniri.

323 1767 467 1832 Primum
497 1767 602 1851 agitur
632 1771 672 1836 de
703 1771 790 1836 vitae
821 1778 895 1836 ante
927 1772 1078 1836 avunculi
1103 1776 1241 1833 mortem
1266 1788 1396 1832 summa

216 1875 257 1920 ex
275 1858 389 1922 ordine
407 1863 609 1940 temporum;
627 1861 706 1924 item
724 1860 900 1926 Suetonius
915 1880 942 1924 e.
957 1880 985 1940 g.
1000 1860 1032 1922 iu
1045 1859 1193 1937 Augusto
1207 1864 1394 1940 temporum

215 1947 361 2011 ordinem
385 1947 417 2010 in
441 1949 546 2030 prima
569 1956 663 2031 parte
686 1956 821 2015 secutus
837 1951 936 2012 vitam
955 1954 1029 2010 ante
1047 1946 1263 2027 principatum
1281 1949 1394 2012 initum

214 2042 347 2101 enarrat
370 2036 442 2118 (cfr.
467 2059 496 2120 p.
516 2038 559 2103 35
573 2040 646 2124 sq).
694 2039 816 2104 Deinde
851 2037 948 2100 Attici
972 2035 1113 2116 scriptor
1136 2042 1212 2117 post
1245 2038 1395 2102 avunculi

215 2131 356 2191 mortem
386 2130 495 2191 statim
525 2148 584 2210 per
612 2130 741 2209 species
772 2141 973 2206 componere
1001 2125 1128 2207 incipit3
1164 2132 1290 2210 estque,
1309 2129 1394 2192 haec

213 2217 281 2280 vita
317 2217 435 2282 exinde
470 2219 574 2283 divisa
603 2219 722 2281 eodem
751 2216 850 2279 modo
881 2219 978 2296 atque
1004 2215 1166 2280 Caesares
1192 2215 1394 2295 Suetoniani,

214 2307 247 2368 in
275 2324 329 2370 res
360 2308 484 2372 scilicet
515 2309 604 2371 domi
633 2307 771 2389 bellique
796 2310 906 2385 gestas
932 2309 965 2370 et
988 2306 1088 2370 vitam
1112 2306 1313 2372 famiharem.
1353 2308 1395 2371 At

214 2397 375 2478 quispiam
400 2398 487 2460 dicat
512 2415 565 2460 res
595 2396 638 2459 ibi
662 2395 790 2477 publice
815 2399 927 2476 gestas
953 2394 1222 2476 chronologicum
1246 2397 1393 2461 ordinem

215 2486 382 2550 exhibere.
420 2487 467 2550 lta
484 2505 580 2564 sane;
606 2485 683 2549 nihil
701 2489 811 2549 autem
828 2483 942 2564 relert;
967 2503 1074 2568 neque
1093 2487 1180 2550 enim
1198 2486 1290 2551 aliter
1307 2486 1393 2569 apud

215 2574 409 2640 Suetonium
446 2575 605 2640 eiusmodi
640 2593 693 2638 res
732 2576 904 2640 ordinatae
941 2581 1017 2638 sunt
1051 2578 1095 2657 (p.
1126 2575 1193 2659 38).
1243 2576 1393 2642 Perbene

215 2671 326 2730 autem
352 2667 451 2730 etiam
476 2665 574 2729 certis
598 2665 709 2729 verbis
734 2665 878 2747 singulae
903 2670 1016 2747 partes
1041 2665 1288 2746 distinguuntur.

322 2753 375 2819 Sic
410 2755 616 2837 perlustratis
644 2755 718 2820 vitis
745 2755 939 2836 Nepotianis
974 2773 1042 2819 non
1075 2755 1188 2819 dubito
1230 2757 1392 2839 equidem,

214 2846 292 2928 quin
309 2846 396 2909 hunc
412 2847 478 2909 iam
496 2845 690 2927 scriptorem
712 2865 822 2910 rerum
844 2846 1021 2928 generibus
1038 2845 1090 2924 iis,
1117 2864 1200 2927 quae
1218 2844 1393 2911 Suetonius

213 2934 359 3013 adhibet,
386 2953 426 2998 ex
449 2936 621 3016 proposito
646 2955 742 3001 usum
768 2954 843 3000 esse
868 2940 1080 3017 agnoscatur.
1112 2935 1268 3000 Fortasse
1286 2938 1318 3000 in
1334 2937 1393 2999 illis

214 3025 322 3106 operis
346 3024 508 3105 partibus,
533 3043 617 3112 quas
641 3025 775 3090 fortuna
799 3026 894 3090 nobis
919 3025 1042 3102 invidit,
1068 3026 1186 3088 eadem
1216 3044 1270 3088 ars
1295 3027 1392 3090 etiam

215 3115 386 3178 dilucidius
405 3121 589 3196 appareret.
627 3113 693 3179 Sed
710 3134 794 3198 quae
812 3133 853 3178 ex
876 3115 1017 3196 reliquiis
1039 3113 1244 3178 exhibuimus
1260 3117 1324 3180 iam
1343 3119 1394 3178 sat

216 3210 312 3268 erunt
337 3205 378 3268 ad
403 3204 685 3286 comprobandam
711 3205 905 3269 sententiam
931 3209 1087 3268 nostram.

320 3293 367 3358 De
392 3293 530 3377 Hygini
559 3300 628 3358 arte
657 3294 735 3358 nihil
766 3294 881 3358 afferre
906 3311 1098 3374 possumuS,
1129 3312 1213 3375 quae
1238 3300 1289 3358 est
1312 3292 1394 3376 frag-

215 3389 405 3448 mentorum
435 3402 475 3448 ex
506 3402 606 3465 opere
637 3385 708 3449 eius
737 3384 932 3448 traditorum
968 3383 1138 3464 exiguitas.
1179 3383 1393 3448 Nihilominus

213 3474 502 3539 commentationis
527 3491 547 3537 a
570 3475 709 3556 Buntet)
740 3475 847 3538 editae
873 3475 1054 3537 admonere
1084 3492 1150 3536 non
1177 3474 1306 3553 omitto,
1340 3474 1394 3556 qui

212 3566 258 3647 (p.
283 3562 340 3647 39)
365 3563 457 3628 hisce
483 3564 551 3628 fere
574 3563 685 3628 verbis
711 3563 751 3629 de
773 3563 899 3650 Hygino
918 3562 1076 3650 disputat:
1103 3563 1258 3644 ‘Apparet
1280 3568 1392 3627 tamen

213 3673 254 3718 ex
289 3653 479 3735 fragmentis
516 3651 656 3737 allatist)
683 3654 843 3736 Hyginum
878 3653 910 3715 in
944 3652 1011 3716 hoc
1047 3669 1147 3733 opere
1182 3670 1252 3716 non
1287 3653 1391 3718 solum

214 3799 427 3806 *—

321 3871 348 3938 1)
365 3869 435 3922 XlX.
456 3869 618 3922 ‘Hactenus
638 3867 730 3921 Attico
741 3867 807 3920 vivo
825 3866 901 3921 edita
917 3882 933 3920 a
947 3866 1031 3920 nobis
1047 3869 1120 3920 sunt.
1149 3866 1238 3933 Nunc,
1259 3867 1391 3935 quoniam

213 3943 325 3994 fortuna
343 3957 397 3997 nos
418 3939 584 4009 superstites
604 3940 631 3993 ei
651 3954 716 3994 esse
735 3939 836 4005 voluit,
856 3938 965 4007 reliqua
987 3953 1190 4008 persequemur
1209 3942 1237 3993 et
1257 3942 1391 4007 quantum

212 4014 400 4082 potuerimus,
430 4028 521 4067 rerum
552 4011 688 4080 exemplis
717 4011 842 4066 lectores
866 4010 1045 4075 docebimus,
1075 4010 1146 4063 sicut
1178 4025 1263 4079 supra
1284 4010 1393 4079 (ellit

213 4084 446 4154 significavimus,
466 4099 534 4137 suos
551 4083 651 4152 cuique
671 4099 766 4138 mores
785 4084 950 4152 plerumque
967 4080 1119 4135 conciliare
1134 4081 1293 4136 lortunam'
1314 4081 1392 4150 Quae

212 4157 301 4212 verba
327 4157 390 4208 Tne.
414 4155 476 4224 Agr.
501 4171 525 4209 c.
545 4154 625 4208 XLII.
655 4156 798 4210 redolent:
828 4155 948 4220 ‘sicant,
978 4152 1078 4222 quibus
1107 4153 1193 4208 moris
1221 4156 1266 4207 est
1294 4153 1393 4207 illicita

211 4228 319 4295 mirari,
341 4228 425 4282 etiam
445 4226 496 4280 sub
521 4226 603 4280 malis
626 4227 798 4296 principibus
822 4241 941 4295 magnos
965 4225 1042 4278 viros
1067 4241 1131 4280 esse
1151 4241 1236 4294 posse
1257 4229 1285 4280 et
1308 4225 1392 4281 obse·

214 4301 307 4368 quium
328 4299 553 4368 modestiamque
573 4299 596 4351 si
616 4299 695 4369 vigor
714 4299 798 4366 adsit,
820 4314 854 4354 eo
874 4297 968 4352 laudis
989 4297 1129 4352 excedere
1142 4341 1146 4351 .
1159 4341 1165 4351 .
1178 4341 1183 4353 .
1196 4297 1212 4350 .'

319 4371 346 4440 2)
364 4371 405 4425 De
425 4368 455 4424 C.
475 4370 529 4497 J3ul.
547 4371 648 4496 {ygini
666 4371 727 4424 vita
747 4374 775 4424 et
794 4371 915 4440 scriptis.
944 4368 1076 4438 Marburg
1095 4368 1172 4422 1846.
