3124 4976
231 547 302 610 vltis
328 548 502 612 nonnullas
526 567 581 612 res
606 555 698 614 certo
725 551 837 616 ordine
863 558 1021 635 certoque
1048 554 1183 618 consilio
1209 553 1411 632 enumerari3

231 655 282 700 ex.
308 656 353 717 gr.
381 637 485 702 allero
511 639 554 720 (p.
574 639 611 717 6,
630 639 663 721 7)
687 641 828 705 vitarum
852 643 1099 724 dispositiones:

337 728 357 791 I.
401 727 668 809 Antiphontis:
704 737 814 814 poter,
849 752 977 816 papus,
1013 741 1262 817 praeceptores,
1302 753 1413 796 annue

229 816 367 896 natalie,
383 837 493 880 annes
507 821 639 900 martie,
659 839 714 883 res
727 828 838 905 pentae
854 821 1021 907 (merito),
1037 843 1196 888 numerere
1211 825 1409 888 orationem.

336 907 385 971 III.
412 907 565 990 Lysiae:
579 916 691 991 puter,
708 931 805 991 auae,
816 931 980 995 prooem,
996 916 1132 996 patrio,
1148 934 1258 977 anuas
1274 912 1417 992 notetis,

228 1016 283 1059 rec
304 1004 431 1080 postue,
454 1017 565 1062 annue
587 1002 720 1079 mortue,
748 1003 936 1065 orationum
960 1023 1132 1083 camerae,
1155 1006 1245 1067 ratio
1268 998 1410 1067 dicendi.

336 1086 414 1150 VIII.
449 1087 741 1153 Demosthenis:
761 1097 873 1174 puter,
906 1099 1024 1172 muter,
1051 1093 1149 1173 ocae,
1168 1113 1294 1178 papus,
1313 1112 1411 1176 prae-

229 1182 383 1258 ceptoreS,
402 1197 484 1258 sore,
500 1199 610 1242 annes
621 1180 759 1260 aetolis,
777 1201 887 1244 unone
898 1185 1025 1263 mortis,
1041 1185 1230 1247 orationem
1242 1202 1409 1246 numerere.

338 1265 416 1345 Quis
433 1268 484 1332 his
501 1269 534 1331 in
552 1269 818 1350 dispositionibus
838 1272 983 1353 legendis
999 1289 1067 1336 non
1085 1271 1233 1338 Suetonii
1249 1291 1412 1355 gramma-

229 1355 369 1420 ticorum
399 1359 651 1424 reminiscetur?
700 1361 792 1441 Quae
830 1362 1003 1426 similitudo
1034 1383 1099 1445 quo
1131 1364 1315 1428 evidentior
1343 1362 1408 1440 fiat,

229 1446 329 1509 etiam
354 1453 464 1512 textus
479 1449 582 1513 verba
597 1469 760 1532 propono,
780 1452 896 1535 quibus
915 1453 1059 1534 singulae
1077 1459 1190 1535 partes
1211 1454 1408 1518 indIcantur:

230 1534 286 1603 cfr.
326 1555 376 1600 ex.
416 1557 460 1619 gr.
495 1539 703 1621 Antiphontis
743 1543 845 1606 vitam
885 1543 1042 1626 (Praese
1083 1543 1101 1606 l.
1127 1545 1145 1608 l.
1176 1565 1207 1625 p.
1233 1543 1277 1607 45
1308 1544 1408 1627 sqq.):

230 1623 387 1709 Ἀντιφῶν
412 1626 558 1711 Σωφίλου
583 1630 638 1713 μὲν
663 1631 702 1713 ἦν
725 1633 846 1714 πατρός
965 1633 1171 1718 pennatae
1196 1635 1231 1696 δὲ
1345 1634 1410 1696 δια-

228 1714 336 1800 τριβὴν
360 1717 395 1779 δέ
419 1717 600 1802 συνέστησε,
626 1723 681 1782 καὶ
705 1718 869 1802 Σωκράτει
893 1721 1141 1804 διεφέρετο
1165 1723 1220 1785 καί
1243 1743 1328 1796 τινας
1356 1722 1410 1784 λό-

228 1826 391 1890 γους
416 1807 611 1893 συνέγραφεν
637 1815 698 1874 etc.
731 1815 786 1873 aut
804 1810 938 1892 Lysiae:
963 1808 1082 1885 Λυσίας
1107 1811 1170 1885 aa
1194 1811 1233 1894 ily
1254 1809 1409 1891 Κεφάλου

227 1905 283 1957 τοῦ
408 1895 625 1979 Συρακουσίου
654 1900 710 1983 μὲν
738 1897 829 1983 γένος
952 1902 988 1962 τὸ
1017 1900 1072 1984 μὲν
1105 1907 1231 1981 πρῶτον
1264 1919 1408 1962 συνεπαι-

228 1985 335 2048 δεύετο
350 2034 356 2048 .
370 2033 376 2047 .
391 2033 418 2047 ..
435 1991 496 2049 etc.
533 1987 598 2051 Res
622 1994 722 2067 patet.

334 2075 458 2139 Eodem
475 2075 543 2140 lere
561 2077 661 2142 modo
681 2095 796 2143 omnes
813 2078 886 2142 illae
904 2080 1194 2160 grammaticorum
1208 2078 1409 2144 Graecorum

226 2165 314 2228 vitae
344 2166 549 2247 compositae
580 2174 672 2247 sunt,
703 2187 786 2251 quae
816 2174 961 2232 aetatem
988 2169 1146 2246 tulerunt,
1180 2185 1286 2251 neque
1325 2185 1407 2249 opus

228 2255 288 2318 erit
312 2255 376 2318 hac
399 2256 432 2319 in
456 2259 652 2340 quaestione
687 2259 805 2323 diutius
829 2260 965 2322 versari.
1005 2257 1087 2322 Nam
1117 2265 1151 2323 et
1179 2258 1406 2340 corpusculum

227 2346 367 2409 vitarum
392 2348 589 2429 scriptorum
614 2348 655 2412 ab
681 2348 824 2414 Antonio
842 2348 1077 2414 Westermann
1094 2348 1217 2412 editum
1238 2353 1269 2412 et
1287 2346 1405 2413 Suidae

226 2435 322 2500 lexici
344 2445 456 2518 partes
473 2439 635 2519 singulae,
661 2438 777 2522 quibus
795 2440 834 2503 de
852 2439 929 2503 viris
946 2439 1122 2503 illustribus
1141 2439 1256 2520 agitur,
1280 2438 1313 2500 in
1328 2455 1406 2501 una-

228 2543 355 2608 quaque
380 2525 447 2591 fere
472 2529 593 2610 pagina
616 2531 656 2593 de
683 2533 752 2592 arte
778 2527 981 2593 SuetonIana
1005 2547 1067 2593 nos
1092 2530 1282 2594 admonent.

334 2617 380 2680 Ex
404 2617 454 2681 his
478 2619 575 2699 igitur
595 2619 647 2682 vel
667 2618 787 2682 talibus
806 2619 963 2701 exemplis
981 2617 1185 2684 SuetonIana
1202 2618 1406 2683 consuetudo

227 2707 380 2770 manavit.
405 2707 489 2772 Nolo
507 2713 617 2772 autem
634 2708 953 2789 praetermisisse-
969 2711 1045 2773 dum
1069 2714 1190 2772 metam
1213 2708 1310 2773 huius
1335 2726 1408 2771 our-

226 2797 317 2860 riculi
336 2797 498 2878 tangImus
521 2797 682 2862 -fuisse
708 2798 806 2863 etiam
829 2799 915 2864 inter
933 2801 1153 2882 posterioreS,
1179 2799 1233 2882 qui
1259 2797 1408 2863 Suetonii

228 2887 275 2951 De
292 2887 368 2951 vlris
392 2888 569 2953 illustribus
587 2889 773 2970 exemplum
791 2894 1017 2973 sequerentur.
1058 2889 1093 2953 ld
1108 2888 1197 2952 valet
1217 2908 1283 2953 non
1302 2888 1406 2952 solum

228 2978 269 3040 de
283 2978 485 3061 HIeronymo
511 2985 543 3042 et
560 2977 730 3045 Gennadio
748 2979 937 3062 Hieronymi
963 2980 1205 3056 continuatore,
1231 2979 1290 3042 sed
1308 2978 1406 3042 etiam

228 3068 269 3131 de
307 3067 471 3133 Trebellio
500 3069 662 3149 Pollione,
698 3070 811 3132 Flavio
835 3069 992 3150 Vopisco,
1022 3067 1154 3131 Aurelio
1184 3068 1331 3147 Victore,
1366 3068 1405 3132 de

229 3157 344 3239 quibus
369 3159 400 3220 in
426 3159 519 3223 buius
546 3159 834 3223 commentationiS
860 3159 967 3238 capite
993 3158 1035 3221 IV
1057 3157 1161 3221 verba
1184 3157 1351 3222 faciemus.

730 3435 817 3538 dap.
846 3435 908 3518 Ill.

334 3610 398 3675 Per
419 3609 483 3673 trIa
508 3608 617 3690 capita
644 3626 747 3691 usque
777 3608 883 3673 adhuc
911 3610 942 3672 ln
968 3616 1074 3673 artem
1098 3609 1245 3675 Suetonii
1273 3609 1406 3692 inquisi-

227 3701 347 3780 vimus,
379 3699 529 3780 exempla
565 3699 634 3762 eius
664 3699 847 3781 antiquiora
877 3700 1093 3782 anquisimuS,
1124 3700 1265 3764 NIssenii
1290 3700 1405 3781 opina-

227 3791 350 3854 tionem
375 3791 415 3854 de
443 3789 625 3871 „Historiae
651 3789 838 3869 Augustam
876 3791 981 3871 prImo
1019 3796 1156 3855 auctore
1193 3791 1404 3855 removimus.

227 3880 353 3944 Dehinc
393 3880 433 3942 de
473 3877 690 3944 imitatoribus
727 3877 877 3944 Suetonii
915 3881 1065 3963 quaestio
1106 3881 1304 3945 instItuenda
1342 3886 1404 3943 est.

227 3970 352 4033 Eadem
376 3969 463 4034 enim
488 3987 541 4032 ars
565 3969 720 4033 narrandi
744 3988 827 4052 quae
852 3988 911 4051 per
936 3972 1065 4052 specles
1082 3972 1244 4052 procedit,
1272 3975 1405 4034 utente

228 4079 301 4124 eum
326 4058 456 4123 exculta
480 4066 564 4138 erat,
591 4059 637 4121 ita
660 4064 736 4140 post
760 4078 834 4124 eum
860 4061 1009 4125 exerceri
1033 4081 1099 4124 non
1124 4063 1220 4124 desiIt
1244 4060 1316 4143 (cfr.
1334 4080 1364 4141 p.
1384 4058 1404 4121 8

227 4156 260 4213 et
275 4149 339 4232 19),
364 4151 433 4231 lpse
450 4167 530 4213 vero
549 4149 763 4213 clarissimum
788 4150 858 4214 eius
883 4157 1128 4216 monumentum
1153 4151 1263 4232 posuit
1286 4155 1319 4214 et
1341 4167 1404 4231 pro

227 4241 365 4305 culmine
384 4240 477 4322 quasi
501 4240 617 4304 harum
640 4239 819 4304 litterarum
835 4240 1008 4306 habendus
1034 4247 1099 4320 est,
1125 4243 1167 4305 ad
1183 4240 1273 4326 quod
1291 4257 1408 4304 ascen·

227 4332 344 4396 derunt
365 4331 508 4413 prioreS,
535 4349 555 4394 a
579 4349 643 4412 quo
669 4330 919 4396 descendebant
942 4332 1154 4412 posteriores.
1203 4329 1299 4411 Quod
1322 4348 1405 4394 vero

227 4421 418 4487 claritudine
444 4427 477 4485 et
501 4421 697 4486 auctoritate
718 4420 863 4504 reliquos
881 4422 1047 4501 superavit
1065 4422 1256 4500 Suetonius,
1281 4420 1312 4484 id
1337 4438 1405 4483 non
