3124 4976
811 291 851 352 14

240 520 299 566 aus
332 501 437 566 Varro
468 503 557 566 hat“.
596 503 667 583 Qua
695 504 858 566 sententia
886 503 1027 584 probata
1056 503 1217 585 suspicari
1239 503 1315 567 licet
1338 504 1422 570 Var-

240 609 358 655 ronem
391 590 535 656 fortasse
565 591 681 670 fuisse,
723 609 821 673 quem
851 590 1025 658 Suetonius
1061 594 1094 657 in
1125 594 1201 658 viris
1229 593 1417 670 illustribus,

240 682 282 744 de
319 679 437 763 quibus
466 682 500 744 in
532 699 602 762 cap.
637 682 673 746 ll.
703 681 797 745 huius
832 683 1122 747 commentationis
1158 684 1320 765 agendum
1347 685 1416 760 erit,

239 771 424 840 condendis
448 776 481 834 et
505 771 690 851 digerendis
714 771 858 836 Imitatus
883 779 943 838 est.

348 858 465 923 Statim
501 861 595 941 igitur
629 863 670 926 ad
700 861 842 926 Cornelii
869 863 1034 944 Nepotis
1064 867 1169 927 artem
1196 861 1419 926 illustrandam

238 948 454 1029 accedamus
480 951 521 1014 de
545 968 609 1032 qua
624 952 658 1015 in
674 951 862 1016 universum
880 954 945 1034 egit
961 951 1149 1034 Nipperdey
1164 952 1184 1016 l.
1203 951 1222 1015 l.
1238 971 1269 1032 p.
1288 950 1421 1015 XVII-

239 1038 334 1117 XXI.,
359 1058 393 1119 p.
418 1039 708 1106 XXIX—XXXVI.
745 1042 783 1105 Et
810 1041 922 1124 Nepos
947 1043 1017 1124 ipse
1043 1043 1172 1125 quidem
1198 1041 1421 1122 compluribus

237 1129 320 1193 locis
344 1128 423 1192 artis
445 1128 540 1194 huius
565 1132 729 1195 rationem
752 1131 893 1196 reddidit
903 1134 937 1214 ¹).

346 1217 534 1303 Nipperdey
564 1227 676 1285 autem
699 1221 717 1284 l.
748 1222 767 1285 l.
793 1241 823 1302 p.
850 1221 989 1287 XXXIII.
1015 1222 1055 1285 de
1079 1240 1190 1286 rerum
1216 1221 1330 1285 ordine
1355 1220 1422 1284 hoc

239 1307 386 1388 protulit:
427 1308 528 1391 „Was
559 1311 609 1375 die
636 1309 792 1393 Ordnung
808 1313 839 1375 in
858 1313 921 1376 den
937 1312 1107 1377 einzelnen
1124 1310 1422 1375 Lehensbeschrei-

237 1397 370 1478 bungen
394 1397 529 1477 betriIit,
555 1419 595 1464 so
620 1401 787 1465 schreiten
811 1401 862 1466 die
884 1403 1051 1466 meisten
1067 1401 1153 1466 nach
1172 1399 1230 1465 dcr
1245 1401 1343 1481 Folge
1363 1400 1421 1463 der

237 1487 423 1569 Ereignisse
447 1488 526 1568 fort,
552 1491 618 1554 und
643 1509 679 1554 es
703 1492 783 1555 wird
808 1511 912 1556 verne
939 1494 1023 1557 oder
1046 1511 1099 1556 am
1117 1489 1252 1556 Schluss
1269 1491 1351 1555 oder
1367 1489 1422 1554 bei

238 1577 331 1641 einer
374 1579 477 1643 durch
521 1579 573 1644 die
612 1581 794 1662 EreignIsse
835 1583 1023 1662 gehctenen
1062 1581 1309 1661 Veranlessung
1348 1581 1420 1643 eine

240 1665 501 1732 Charakteristik
530 1671 679 1750 gegeben
708 1672 791 1734 oder
815 1671 887 1733 eine
913 1669 1223 1733 charakteristische
1246 1669 1421 1732 Anekdote

238 1757 372 1822 erziihlt.
409 1758 505 1822 DIese
529 1759 729 1838 Anordnung
752 1759 795 1822 ist.
818 1758 917 1821 leicht
941 1759 1007 1821 und
1032 1755 1191 1820 natiirlich
1209 1758 1276 1820 und
1293 1775 1336 1821 an
1353 1759 1420 1821 und

237 1845 289 1910 fiir
313 1847 384 1909 sich
407 1848 498 1910 nicht
514 1866 556 1909 zu
572 1848 697 1925 tadeln‚
723 1867 784 1910 nur
799 1847 841 1910 ist
858 1849 905 1910 sie
923 1847 1006 1910 diter
1023 1845 1125 1909 durch
1144 1845 1419 1928 chronologische

237 1935 414 1999 Verstbsse
456 1935 539 1999 oder
577 1935 881 2016 Nachldssi3keiten
923 1934 1171 2000 verunstaltet.
1204 1985 1209 1997 .
1240 1985 1246 1996 .
1278 1985 1284 1997 .
1325 1936 1422 1998 Einer

237 2024 576 2106 systematischen
599 2024 839 2106 Anordnung
863 2025 945 2089 aher
969 2025 1027 2088 hat
1050 2023 1121 2087 sich
1145 2021 1255 2105 Nepos
1276 2025 1319 2087 im
1336 2023 1421 2104 Epa-

239 2113 414 2176 minondas
446 2112 610 2176 durchaus
639 2113 729 2178 nicht
756 2113 956 2196 gewachsen
979 2114 1107 2196 gezeigt
1132 2163 1138 2176 .
1165 2163 1171 2175 .
1199 2163 1205 2175 .
1233 2163 1239 2175 .
1272 2112 1329 2176 Die
1354 2113 1422 2176 An-

239 2202 388 2283 ordnung
418 2203 475 2268 des
504 2203 630 2268 Atticus
658 2204 700 2268 ist
728 2205 904 2286 gemischt,
933 2204 1045 2268 indem
1069 2203 1119 2266 bis
1143 2221 1184 2266 zu
1211 2203 1268 2265 des
1293 2201 1421 2266 Atticus

237 2292 415 2356 Riickkehr
443 2312 502 2358 aus
530 2293 639 2358 Athen
667 2294 921 2375 chronologIsch
948 2291 1123 2358 verfahren
1153 2292 1248 2374 wind,
1287 2290 1421 2356 obwohl

238 2383 282 2446 im
307 2382 477 2446 einzelnen
500 2383 591 2446 nicht
614 2403 722 2465 genau
748 2387 790 2466 (c.
812 2385 903 2463 11,2;
927 2383 1099 2462 1V,4;111‚
1120 2382 1163 2463 1).
1195 2381 1270 2445 Von
1288 2400 1316 2444 c.
1334 2382 1371 2459 V,
1391 2383 1420 2444 1.

238 2490 283 2536 an
314 2473 432 2536 ordnet
460 2471 531 2535 sich
561 2472 613 2536 die
642 2474 849 2554 Darstellung
876 2473 962 2536 nach
991 2472 1055 2535 den
1081 2469 1332 2552 EIgenschaiten
1362 2471 1421 2535 des

238 2561 375 2625 Atticus.
415 2561 481 2624 Der
514 2564 627 2643 spiiter
662 2559 834 2642 angeliigte
869 2560 1003 2626 Schluss
1036 2560 1191 2625 schildert
1214 2579 1333 2625 ausser
1357 2560 1420 2625 den

237 2651 360 2716 letzten
395 2649 728 2730 Lehensereignissen
766 2652 825 2715 das
860 2651 1046 2716 Verhatltnis
1081 2669 1122 2714 zu
1159 2649 1321 2716 Oktavian
1356 2649 1419 2714 und

239 2741 414 2818 Antonius,
445 2739 532 2803 nach
562 2740 626 2804 den
657 2741 929 2822 Biirgerkriegen.
965 2740 1060 2805 Auch
1087 2741 1158 2805 hier
1185 2739 1265 2805 fehlt
1288 2759 1324 2804 es
1349 2739 1418 2803 also

240 2849 284 2894 an
320 2830 469 2893 sicherer
503 2828 753 2912 Durchsr'ihrung
789 2832 880 2896 eines
911 2831 1016 2894 festen
1051 2830 1206 2894 Planes“.
1243 2830 1312 2894 lam
1339 2847 1419 2893 vero

240 2937 326 3002 quae
350 2919 535 3003 Nipperdey
563 2921 596 2983 in
621 2921 811 2985 universum
834 2921 883 2984 sle
908 2921 1101 3002 disputavit,
1132 2937 1174 2983 ea
1199 2920 1297 2983 etiam
1322 2937 1420 2982 accu-

237 3011 341 3074 ratius
369 3011 524 3091 persequi
551 3010 677 3089 licebit‚
708 3029 817 3092 neque
848 3012 894 3074 ita
921 3011 1036 3091 paucis
1065 3010 1146 3072 locis
1171 3010 1324 3073 iudicium
1350 3009 1420 3070 eius

239 3105 296 3164 aut
324 3100 612 3164 determInandum
643 3104 699 3164 aut
729 3100 998 3163 commutandum
1027 3117 1102 3162 esse
1127 3096 1419 3162 demonstrabitur.

346 3189 396 3253 Ac
430 3190 570 3271 primum
607 3188 739 3270 quidem
775 3193 909 3252 constat
948 3188 1080 3270 singulis
1121 3188 1269 3270 partibus
1310 3188 1420 3268 operis

238 3277 416 3360 NepotIani
438 3277 662 3360 praefationes
678 3279 879 3359 praemissas
896 3275 1045 3360 russea),
1072 3279 1189 3361 quibus
1206 3278 1299 3341 vario
1319 3277 1419 3341 modo

238 3373 297 3431 aut
332 3368 373 3433 de
408 3368 557 3432 moribus
599 3373 788 3431 exterarum
828 3369 972 3450 gentium
1007 3369 1184 3450 praeprue
1219 3365 1419 3432 Graecorum

241 3456 313 3541 (cir.
339 3455 476 3539 praefat.
503 3458 545 3520 ad
570 3458 684 3521 excell.
711 3456 828 3545 duces)
854 3464 909 3522 aut
934 3460 974 3523 de
998 3459 1140 3522 historia
1163 3458 1310 3522 virorum
1334 3464 1420 3519 trac-

238 3547 416 3613 tandorum
448 3547 482 3610 in
515 3564 692 3612 commune
726 3549 902 3629 exponitur
929 3547 999 3630 (cfr.
1030 3546 1168 3628 praefat.
1199 3548 1242 3610 ad
1270 3548 1380 3628 reges)
1397 3547 1419 3628 ).

240 3636 362 3700 Deinde
386 3638 472 3701 vitae
498 3636 647 3718 singulae
671 3639 757 3702 inter
780 3656 816 3701 se
842 3639 942 3701 etiam
965 3638 1115 3701 iunctura
1132 3637 1275 3718 quadam
1300 3652 1421 3700 conec-

238 3730 367 3805 tuntur;
393 3727 449 3790 etr.
472 3744 522 3790 ex.
540 3745 585 3806 gr.
608 3727 858 3790 Themistoclem
883 3732 915 3789 et
938 3724 1123 3790 Aristidem
1138 3727 1248 3807 (Arist.
1266 3726 1288 3789 l.
1309 3722 1420 3805 1-3),

240 3815 465 3878 Hannibalem
487 3819 520 3878 et
537 3815 774 3879 Hamc'lcurem.
812 3815 848 3879 In
870 3815 949 3897 ipsis
970 3823 1080 3881 autem
1107 3817 1181 3880 vitis
1211 3822 1287 3880 sunt
1306 3813 1422 3897 quibus

239 3905 332 3969 vario
362 3905 465 3969 modo
494 3905 603 3970 titulus
633 3906 726 3987 quasi
754 3905 917 3987 praefixus
947 3912 1011 3970 est:
1048 3907 1109 3970 viri
1137 3907 1224 3970 enim
1258 3903 1423 3970 tractandi

241 4106 457 4113 ——-—

350 4228 376 4292 1)
395 4225 448 4280 Cfr.
471 4227 562 4281 Tbem.
582 4228 600 4293 1,
620 4225 645 4280 2.
675 4227 773 4296 Epam.
793 4229 812 4283 I.
832 4227 890 4283 Pel.
911 4229 930 4281 Ι.
949 4230 1031 4282 Attio.
1050 4228 1093 4293 VI,
1108 4228 1132 4281 1.
1152 4227 1220 4293 XIII,
1237 4228 1262 4280 1.
1282 4227 1353 4293 XIX,
1369 4227 1393 4279 1.

349 4298 377 4367 2)
395 4297 477 4368 Apud
496 4299 661 4354 SuetonIum
681 4299 755 4355 idem
774 4301 893 4370 repetiti
911 4301 983 4355 Infra
1002 4305 1037 4369 (p.
1056 4299 1092 4352 42
1112 4300 1163 4368 sq.)
1183 4299 1423 4369 comprobabitur.

349 4370 376 4440 3)
395 4369 446 4428 Cir.
467 4371 539 4425 iufra
557 4388 584 4441 p.
596 4371 633 4424 42
647 4387 687 4441 sq.
1375 4387 1378 4394 ’
