3124 4976
771 325 813 390 37

683 419 898 428 Ἥ

200 543 353 610 omnibus
389 542 481 607 hisce
510 543 584 606 vitis
619 543 686 606 iam
715 547 813 606 antea
848 543 918 606 sive
953 543 986 605 in
1014 549 1108 622 parte
1138 543 1178 606 de
1205 544 1276 606 vitu
1304 549 1382 607 onte

193 636 430 720 principatum
454 639 533 697 acta
556 633 626 697 sive
650 633 684 696 in
707 633 762 696 illa
778 632 818 696 de
833 635 905 696 uita
923 631 1063 715 publicu
1085 651 1140 697 res
1166 633 1208 696 ad
1225 633 1383 697 domesti-

200 743 274 789 cam
298 723 398 788 vitam
422 723 624 804 pertinentes
648 726 868 804 pertractatae
894 727 980 786 sunt.
1017 720 1066 786 lta
1080 722 1114 786 in
1138 720 1284 787 Galbae
1314 723 1382 786 c.V

199 816 240 878 rte
268 814 392 878 studiis
419 812 611 876 liberalibus
637 818 669 876 et
702 813 943 892 matrimoniis,
971 812 1118 876 eiusdem
1148 831 1175 876 c.
1202 811 1381 877 XlI-XlV

202 905 242 967 de
265 904 421 967 uitiorum
441 903 555 988 famu,
579 903 612 965 in
629 902 774 967 Vitellii
800 921 828 965 c.
846 901 888 966 Vl
912 902 952 965 de
975 920 1038 964 asu
1061 922 1209 982 sucrum,
1232 902 1382 968 ciusdem

205 1011 276 1074 cap.
301 992 478 1056 XlH-XV
502 992 542 1056 de
564 993 672 1071 uitiis,
696 992 729 1054 in
746 991 980 1073 Vespasiani
1005 1009 1033 1054 c.
1052 990 1227 1056 llll—XVI
1251 992 1292 1056 de
1314 994 1383 1055 air·

204 1083 327 1146 tutibus
349 1087 380 1144 et
408 1083 516 1162 cittis,
539 1082 573 1144 in
597 1081 673 1145 Titi
702 1100 729 1145 c.
755 1081 792 1145 lll
816 1082 855 1145 de
884 1083 1032 1165 emporis
1060 1088 1091 1145 et
1119 1083 1227 1145 animi
1253 1081 1384 1146 dotibus

202 1171 304 1236 verba
327 1171 415 1235 lacta
442 1176 526 1235 sunt.
560 1168 752 1236 Suetonium
768 1171 864 1252 igitur
879 1171 1042 1236 interdum
1058 1190 1078 1235 a
1096 1173 1148 1236 via
1172 1189 1234 1235 sua
1257 1172 1382 1253 paullu-

200 1263 266 1326 lum
297 1261 480 1342 digressum
514 1279 589 1326 esse
625 1261 732 1325 elucet
760 1277 867 1343 neque
897 1261 1064 1326 dubitasse
1093 1281 1147 1327 res
1182 1280 1266 1344 quae
1302 1281 1381 1327 vere

199 1353 347 1434 privatae
373 1357 449 1415 sunt
471 1352 620 1415 inserere
645 1351 732 1416 vitae
755 1350 918 1432 publicae,
943 1352 971 1414 si
995 1351 1070 1434 quid
1094 1352 1137 1417 ad
1162 1351 1248 1416 hanc
1272 1352 1383 1416 decla-

200 1442 338 1506 randam
363 1441 555 1506 atterebant.

309 1531 436 1595 Tamen
466 1531 565 1595 etiam
594 1531 658 1595 hae
689 1531 929 1612 discrepantiae
957 1531 1098 1595 leviores
1123 1537 1209 1595 sunt.
1254 1530 1382 1595 Etenim

202 1621 419 1703 complurium
451 1621 688 1703 imperatorum
724 1621 858 1684 omnino
903 1621 936 1684 in
974 1619 1075 1685 rebus
1115 1620 1245 1702 publice
1282 1620 1382 1702 gestis

200 1713 336 1776 virtutes
370 1715 514 1790 tantum,
550 1712 584 1775 in
614 1711 743 1793 privata
778 1711 845 1774 vita
879 1709 1099 1775 describenda
1137 1711 1219 1775 vitia
1253 1715 1382 1775 tantum

201 1801 310 1866 alierri
321 1802 515 1883 poterant1).
542 1800 751 1883 Quapropter
762 1801 804 1865 ad
820 1801 925 1881 ipsam
943 1801 1111 1883 utriusque
1126 1802 1230 1882 partis
1247 1800 1383 1865 diversi-

200 1897 304 1955 tatem
327 1890 554 1955 illustrandam
578 1891 711 1955 uberius
735 1909 755 1954 a
779 1890 938 1971 scriptore
963 1890 1115 1972 exposita
1131 1896 1215 1955 sunt.
1245 1889 1384 1955 Praeter

200 1982 299 2060 haee,
326 1997 411 2064 quae
435 1979 502 2043 iam
526 1998 621 2044 suam
646 1979 875 2046 defensionem
897 1978 1038 2060 habent,
1067 1980 1150 2044 duas
1177 1984 1305 2044 tantum
1329 1997 1383 2044 res

203 2071 315 2134 inveni
342 2071 490 2152 privatae
515 2070 601 2135 vitae
630 2070 845 2152 descriptioni
871 2070 1026 2148 insertas,
1057 2087 1137 2153 quas
1166 2067 1210 2134 ad
1242 2087 1297 2134 res
1324 2088 1383 2151 pu-

205 2159 289 2224 blice
314 2165 421 2240 gestas
437 2177 473 2223 re
489 2177 571 2224 vera
586 2160 751 2241 pertinere
775 2177 875 2224 nemo
892 2160 954 2224 erit
970 2160 1025 2242 qui
1041 2165 1147 2240 neget.
1178 2160 1227 2224 Ac
1242 2159 1384 2241 primum

207 2249 336 2331 quidem
349 2247 462 2330 Calig.
481 2269 509 2313 c.
528 2248 705 2328 XLIII-L,
732 2267 796 2332 quo
821 2249 898 2313 loco
923 2249 1042 2314 bellum
1067 2255 1240 2314 externum
1264 2249 1306 2314 ab
1328 2249 1382 2314 illo

205 2344 392 2420 susceptum
422 2340 617 2404 continetur.
658 2338 773 2404 Utrum
804 2337 984 2404 Suetonius
1013 2339 1113 2403 certis
1137 2339 1177 2402 de
1206 2339 1315 2403 causis
1338 2375 1384 2386 -

204 2428 370 2511 adipsum
403 2428 544 2494 sortasse
573 2447 644 2494 rem
669 2428 756 2493 illam
786 2428 951 2511 publicam
983 2429 1077 2512 quasi
1108 2429 1271 2511 privatam
1302 2429 1384 2494 ludi-

201 2518 364 2583 ficandam
387 2525 421 2583 et
446 2519 660 2584 cavillandum
677 2520 804 2584 -hoc
827 2520 928 2584 modo
952 2519 1117 2583 rationem
1135 2537 1229 2583 suam
1248 2519 1384 2583 laeserit

201 2627 307 2674 necne
333 2614 424 2674 certe
448 2610 512 2674 diei
527 2629 595 2675 non
610 2616 733 2691 potest.
766 2609 893 2675 Deinde
918 2610 1120 2675 atterendum
1139 2616 1191 2674 est
1213 2608 1382 2675 Neronis

202 2719 229 2762 c.
255 2698 311 2763 XL
327 2719 411 2782 sqq,
435 2699 493 2764 ubi
518 2700 558 2764 de
575 2699 816 2781 provinciarum
833 2699 1055 2764 seditionibus
1072 2700 1187 2781 agitur.
1221 2700 1381 2764 Fortasse

202 2788 408 2872 Tranquillus
424 2788 471 2853 ibi
488 2790 528 2855 de
553 2789 652 2854 rebus
668 2789 729 2853 illis
747 2790 900 2871 exposuit
916 2795 1110 2871 propterea,
1136 2789 1213 2872 quia
1228 2790 1381 2854 vitiorum

200 2880 376 2960 praecipue
406 2879 616 2961 imperatoris
644 2880 795 2962 vitaeque
820 2879 891 2943 eius
919 2879 1068 2961 privatae
1099 2896 1203 2944 causa
1225 2881 1382 2945 tumultus

201 2969 308 3034 exorti
332 2973 453 3034 essent.

308 3057 491 3141 Postquam
514 3059 555 3124 de
584 3059 643 3123 illis
667 3059 808 3123 vitarum
835 3056 1115 3124 Suetonianarum
1142 3058 1290 3140 partibus
1320 3060 1383 3141 egi-

201 3167 291 3226 mus,
320 3148 353 3212 in
378 3166 460 3230 quas
484 3149 554 3230 ipse
578 3149 781 3231 principatus
811 3149 933 3213 divisus
957 3153 1023 3227 est,
1057 3167 1144 3212 nunc
1173 3149 1215 3213 ad
1239 3149 1382 3231 singulas

201 3238 286 3302 vitas
304 3238 487 3302 distinctius
499 3240 746 3320 percensendus
763 3238 963 3304 accedamus
980 3256 1020 3303 ac
1033 3238 1173 3320 primum
1190 3239 1322 3321 quidem
1339 3240 1381 3305 de

201 3327 363 3407 Caesare,
388 3328 506 3394 deinde
530 3328 571 3393 de
597 3329 716 3393 ceteris
739 3328 840 3410 Iuliis,
865 3333 934 3393 tum
959 3329 1000 3392 de
1024 3328 1157 3394 Nerone
1182 3334 1216 3393 et
1240 3329 1318 3393 anni
1338 3329 1382 3394 69

201 3437 232 3498 p.
254 3417 290 3483 C.
313 3437 346 3481 n.
370 3419 639 3500 imperatoribus,
664 3423 834 3501 postremo
861 3419 901 3483 de
918 3417 1039 3483 Flaviis
1064 3419 1276 3501 disputemus.
1310 3419 1380 3484 Hae

202 3507 335 3590 quidem
369 3509 456 3573 vitae
496 3545 541 3556 -
580 3509 612 3572 id
645 3510 733 3592 quod
770 3506 853 3572 infra
889 3526 953 3573 nos
990 3509 1268 3590 comprobaturas
1305 3528 1381 3575 esse

202 3615 373 3678 speramus
401 3635 446 3646 -
475 3598 681 3664 similitudine
705 3599 863 3681 imprimis
885 3598 970 3661 inter
994 3616 1031 3662 se
1055 3615 1162 3662 nexae
1187 3605 1277 3679 sunt,
1305 3617 1381 3664 eum

201 3685 327 3753 Caesar
349 3689 443 3771 quasi
465 3707 526 3770 per
548 3707 585 3754 se
609 3694 683 3753 stet.

309 3776 376 3844 Sed
400 3779 467 3842 vita
489 3776 645 3844 Caesaris
668 3784 846 3862 propterea
870 3777 989 3842 summi
1012 3776 1111 3843 nobis
1134 3778 1295 3844 momenti
1318 3784 1380 3858 est,

204 3867 277 3948 quia
300 3866 429 3932 Nisseni
457 3870 636 3947 sententia,
674 3869 714 3933 de
744 3887 810 3952 qua
837 3868 942 3950 primo
970 3868 1065 3933 huius
1093 3867 1382 3933 commentationis

203 3957 308 4038 capite
333 3957 477 4040 pluribus
495 3958 725 4036 disseruimus,
750 3959 853 4040 ipsius
871 3957 1026 4024 Caesaris
1045 3958 1261 4040 dispositione
1279 3957 1382 4023 firlcin

200 4045 286 4111 falso
311 4047 383 4112 visa
407 4054 468 4112 est.
493 4047 551 4112 Vir
567 4049 654 4113 enim
677 4048 729 4112 ille
754 4049 965 4113 doctissimus
984 4048 1142 4130 peculiari
1165 4066 1240 4112 eam
1255 4047 1380 4133 aliaque

200 4142 300 4220 atque
318 4143 448 4203 ceteras
465 4139 551 4202 vitas
569 4139 761 4220 dispositam
780 4156 856 4203 esse
873 4139 1002 4203 ratione
1018 4139 1182 4203 immerito
1200 4138 1380 4204 contendit.

199 4227 357 4311 Equidem
394 4229 616 4293 diversitatem
645 4229 677 4291 in
705 4229 779 4310 ipsa
806 4247 842 4293 re
871 4229 1046 4293 tractanda
1075 4234 1108 4294 et
1136 4228 1169 4292 in
1197 4229 1269 4310 ipso
1294 4229 1381 4293 vitae

200 4318 340 4382 decursu
363 4319 508 4400 positam
532 4336 607 4384 esse
634 4318 760 4400 opinor.
796 4316 894 4398 Nam,
919 4319 1044 4383 utiam
1069 4337 1170 4401 supra
1185 4338 1216 4400 p.
1234 4317 1278 4382 35
1301 4318 1381 4384 vidi-

307 4440 335 4512 1)
352 4439 407 4499 Cir.
428 4439 505 4510 Tib,
526 4438 602 4510 Cal,
621 4441 703 4510 Ner,
723 4441 813 4498 Dom.
