3124 4976
758 343 802 408 66

674 437 814 444 .-—.—.-.---

190 563 319 628 dosium
343 559 442 642 irnp’,
468 561 561 624 ouius
585 560 698 624 ultima
721 579 798 641 pars
816 558 1019 640 suppletoria
1044 560 1078 643 (a
1095 579 1167 641 cap.
1185 561 1228 624 43
1246 561 1288 624 ad
1312 561 1370 634 48)

190 651 233 717 ab
262 653 481 734 epitomatore
514 651 588 732 ipso
619 651 751 714 condita
780 656 840 714 est.
886 650 929 714 Ut
956 650 1056 714 etiam
1080 651 1168 714 hunc
1197 650 1372 731 Tranquilli

188 747 390 807 sectatorem
414 759 489 837 esse
515 741 644 805 eluceat
668 741 814 822 disposui
838 740 940 804 vitam

663 882 889 966 Theodosii:

297 1015 316 1092 ξ
344 1012 376 1088 1,
399 1029 504 1094 peracre
527 1012 632 1093 oripo,

297 1104 317 1181 ,8,
341 1099 444 1177 2-5,
468 1101 581 1162 omino
605 1101 755 1182 imperii,

297 1193 316 1270 ξ
341 1189 444 1267 5-8,
470 1209 524 1252 res
547 1191 584 1252 in
608 1189 688 1252 bello
708 1196 836 1273 postue,

207 1341 212 1347 .
298 1283 317 1360 ἓ
342 1279 377 1357 8,
403 1299 522 1362 corpus
545 1278 627 1364 (suit
650 1286 761 1342 autent
790 1280 993 1342 Theodosius
1016 1281 1162 1344 moribus
1185 1286 1216 1343 et
1241 1299 1373 1362 corpore

193 1371 341 1435 Traiano
364 1368 511 1452 similis),

298 1463 317 1539 ξ
342 1458 466 1539 9-19,
484 1477 607 1537 motem
633 1460 687 1536 lli,
710 1459 758 1536 ΙΙ,
784 1458 987 1538 iiberalitate
1015 1459 1068 1530 18,
1086 1461 1157 1524 uilo
1174 1459 1373 1544 forrtiliuris.

297 1553 316 1629 ξ
343 1549 402 1626 19,
427 1568 531 1627 more,

297 1643 316 1719 ξ
341 1639 398 1716 20,
419 1640 546 1724 funus..

297 1817 335 1881 Et
360 1818 468 1881 adhuc
501 1818 632 1900 quidem
661 1817 695 1879 in
722 1817 863 1880 historia
890 1817 1031 1898 profana
1054 1838 1117 1882 nos
1143 1819 1374 1883 continuimus,

190 1907 257 1973 Sed
282 1909 381 1972 etiam
405 1908 633 1971 ecclesiastica
656 1906 822 1971 volumina
852 1908 920 1972 eius
945 1908 1019 1970 aevi
1047 1908 1201 1972 evolvere
1226 1910 1375 1973 interest.

190 1998 294 2079 Digna
317 2004 369 2063 est
391 2016 477 2080 quae
503 1998 687 2062 excutiatur
710 1997 776 2060 vita
801 1996 834 2062 S.
857 1997 1025 2061 Ambrosii
1053 2000 1201 2080 episcopi
1232 1999 1376 2063 ineuntis

192 2089 317 2154 saeculi
333 2087 434 2170 quinti
450 2087 644 2158 aPaulino
662 2087 847 2167 composita
856 2090 890 2170 ¹),
909 2089 1000 2152 cuius
1018 2088 1190 2169 dispositio
1207 2089 1292 2153 haec
1309 2096 1375 2154 est:

405 2177 433 2257 Ι,
460 2178 508 2257 H,
530 2178 714 2262 praefatio,

405 2268 474 2347 III,
497 2268 658 2352 infantia,

405 2357 428 2419 I
433 2357 467 2440 l]
492 2357 715 2421 odolescentia
738 2358 892 2436 eruditae,

407 2446 444 2524 V,
467 2449 699 2529 inopinantes,

407 2535 456 2597 VI
458 2537 541 2614 -Χ,
564 2538 722 2617 quomodo
745 2539 916 2619 epiecopus
937 2539 1052 2622 sactus
1075 2540 1131 2616 eit,

407 2624 683 2706 X—XXXVIII,
710 2625 776 2688 vita
799 2624 939 2706 publica,

406 2714 501 2777 XXX
510 2713 752 2794 VIII-XLII,
775 2715 841 2778 uita
865 2716 1007 2796 privata:
1034 2737 1140 2780 mores
1164 2724 1221 2781 etc.

408 2804 614 2867 XLII-XL
623 2805 699 2885 VH,
723 2807 821 2888 sipon
844 2808 973 2886 mortis,

408 2894 553 2974 XLVII,
576 2916 676 2975 mors,

408 2984 466 3047 XL
476 2984 566 3047 VIII
574 3024 617 3030 m·
631 2991 716 3048 ectr.
723 3033 733 3064 ,
772 2985 1005 3048 additamenta
1046 2987 1085 3049 de
1121 2987 1241 3071 sunere
1275 2988 1378 3050 miru-

405 3074 490 3137 culc‘s
514 3081 571 3138 etc.
647 3085 649 3092 ’

298 3163 336 3226 Et
358 3163 391 3225 in
415 3165 465 3227 his
495 3165 624 3246 quidem
654 3163 790 3245 simplex
820 3164 963 3244 capitum
997 3169 1199 3244 conspectus
1224 3166 1374 3230 sulliciat.

191 3251 411 3332 Properemus
440 3254 544 3334 gradu
572 3253 759 3317 accelerato
788 3272 849 3335 per
873 3254 1009 3318 saecula
1032 3254 1244 3336 insequentia
1270 3260 1303 3319 et
1327 3256 1377 3319 lit-

191 3347 280 3405 teras
306 3341 440 3406 Latinas
464 3343 566 3423 ipsius
591 3343 690 3407 medii
715 3344 788 3408 aevi
812 3343 952 3408 ineuntis
971 3344 1286 3427 circumspiciamus,
1311 3345 1378 3410 No-

191 3431 356 3495 tissimum
392 3438 444 3496 est
476 3433 562 3496 inter
595 3451 712 3496 omnes
745 3434 850 3514 prima
873 3442 950 3515 post
974 3435 1119 3514 gentium
1148 3437 1377 3516 migrationem

193 3522 332 3603 vestigia
355 3520 538 3586 Caesarum
563 3522 711 3588 Suetonii
741 3523 962 3604 perlectorum
992 3531 1026 3588 et
1052 3525 1086 3588 in
1114 3544 1211 3589 usum
1236 3544 1378 3591 conver-

194 3630 307 3677 sorum
330 3612 467 3694 reperiri
490 3630 581 3676 nono
603 3633 634 3694 p.
654 3612 729 3678 Chr.
755 3633 785 3678 n.
812 3614 957 3678 saeculo.
997 3613 1136 3679 Ciroiter
1152 3617 1376 3680 enim'annum

194 3699 260 3765 820
282 3702 501 3767 Einhardus
527 3703 637 3768 Caroli
653 3703 761 3783 Magni
785 3704 885 3768 vitam
910 3705 1118 3786 conscripsit,
1137 3704 1319 3771 Caesarum
1344 3713 1378 3770 et

188 3791 370 3873 praecipue
397 3792 461 3856 divi
473 3793 609 3874 Augusti
633 3793 742 3858 studio
767 3799 834 3858 tarn
859 3801 990 3858 strenue
1015 3813 1052 3858 se
1077 3795 1224 3874 tradidit,
1250 3803 1378 3860 utnon

192 3881 295 3945 modo
326 3900 458 3946 omnem
487 3883 583 3948 libelli
612 3884 867 3965 descriptionem
898 3885 1080 3948 sedetiam
1116 3885 1260 3967 integras
1289 3886 1378 3951 haud

192 3988 269 4035 raro
296 3973 477 4036 sententias
502 3973 578 4038 inde
595 3980 760 4054 repeteret
776 3979 810 4037 et
825 3992 1086 4056 nonnumquam,
1112 3980 1147 4038 ut
1170 3976 1235 4040 iam
1253 3976 1378 4041 Casan-

192 4058 301 4124 bonus
336 4061 494 4126 iudicavit
508 4065 544 4145 ²),
586 4063 734 4127 imitandi
763 4064 872 4127 studio
903 4082 983 4128 suae
1018 4064 1175 4129 historiae
1204 4067 1376 4131 veritatem

302 4218 329 4284 1>
346 4219 476 4275 Editiono
500 4236 569 4275 usus
594 4236 657 4276 sum
680 4222 716 4276 ab
735 4224 764 4278 J.
786 4223 820 4276 G.
840 4223 1009 4292 Κναόἱηρον,
1031 4223 1176 4295 Tubingae
1196 4226 1268 4281 1857
1288 4227 1376 4282 edita:

194 4289 222 4343 S.
241 4289 371 4348 Ambros.
401 4292 486 4361 episc.
506 4293 618 4351 Mediol.
643 4294 677 4349 de
698 4294 770 4349 ollio.
794 4295 898 4350 minist.
919 4295 981 4352 libr.
1001 4297 1044 4362 ΙΙΙ,
1069 4313 1132 4352 curn
1151 4298 1262 4353 Paulini
1281 4300 1377 4354 libello

194 4360 230 4416 de
249 4361 278 4417 S.
297 4363 426 4418 Ambros.
447 4364 505 4418 vita
524 4380 638 4434 recogn.
658 4366 797 4435 p.1-28‚
817 4384 843 4436 p.
858 4367 1011 4422 ΙΙΙ-256.
1044 4423 1046 4428 ,

301 4434 328 4502 2)
347 4434 503 4493 Commeat.
524 4437 553 4490 in
572 4437 620 4491 vit.
641 4437 709 4508 Aug.
730 4438 810 4494 Suet.
830 4456 853 4494 o.
868 4439 961 4495 Lxlv.
