3124 4976
218 568 449 722 1(ΞονίοίΡίϋ),
484 546 567 652 quoe
599 587 685 632 anno
711 568 776 634 835
808 554 927 649 prodiit
951 570 1107 652 cuiusque
1136 573 1301 634 structura
1329 568 1399 633 fere

241 677 303 724 aec
327 666 392 723 est:

501 785 676 866 Thegani
699 786 778 849 vita
802 786 992 850 Ludovici
1015 785 1118 870 Pii2).

326 951 351 993 c.
376 930 405 1010 Ι,
428 929 478 1009 II,
499 949 604 1012 percus
626 933 719 990 ortus
742 933 854 1008 uatus,

327 1041 351 1082 c.
376 1019 479 1081 HJ-
489 1019 545 1096 VI,
567 1017 718 1103 familia,

326 1130 351 1172 c.
377 1109 433 1188 VI,
458 1107 536 1176 VH.
559 1109 691 1185 creatio,

326 1221 351 1262 c.
376 1196 643 1278 VIII-XVIII,
666 1217 720 1260 rec
740 1203 862 1281 postue,

326 1310 352 1353 c.
379 1288 473 1368 XIX,
490 1288 564 1368 XX,
586 1288 627 1350 de
644 1306 788 1370 corpore,
812 1286 934 1350 stodiis
958 1285 1160 1368 liberalibus
1176 1288 1323 1351 moribus
1339 1295 1400 1353 etc.

325 1521 394 1585 Iam
429 1538 509 1584 vero
543 1517 633 1602 quod
667 1521 873 1601 propositum
905 1520 1002 1584 nobis
1031 1526 1118 1600 erat,
1154 1521 1400 1602 propemodum

219 1612 420 1696 absolvimus
444 1611 704 1698 deponimusque
723 1611 900 1690 calamum3
925 1610 996 1675 fore
1021 1615 1132 1674 autern
1156 1629 1339 1692 speramus
1364 1617 1402 1676 ut

217 1707 335 1783 postea
359 1700 423 1764 alio
448 1701 523 1764 loco
548 1700 590 1763 ad
615 1700 847 1781 complendum
871 1701 936 1765 hoc
961 1706 994 1764 et
1019 1700 1280 1765 confirmandum
1304 1701 1402 1783 argu-

218 1797 378 1868 mentum,
409 1791 496 1873 quod
525 1797 575 1854 est
599 1791 640 1855 de
666 1789 888 1856 Suetonianae
914 1791 991 1853 artis
1021 1791 1106 1871 apud
1133 1791 1274 1854 vitarum
1299 1791 1400 1872 scrip-

217 1887 308 1945 tores
343 1881 556 1959 ouctoritate,
589 1880 744 1944 nonnulla
773 1897 881 1962 neque
912 1879 1033 1943 inutilia
1057 1879 1276 1945 conferamus.
1318 1879 1397 1946 Cum

218 1973 304 2036 enirn
340 1971 381 2034 ad
414 1989 538 2035 nonum
574 1971 743 2034 saeculum
773 1970 1001 2052 quaestionem
1028 1970 1125 2034 istam
1154 1971 1397 2048 deduxerimus

217 2063 316 2125 etiam
341 2061 545 2142 procedente
570 2060 679 2123 medio
704 2077 790 2123 aevo
820 2060 851 2122 in
875 2078 985 2123 rerum
1010 2061 1250 2142 compositione
1276 2065 1310 2125 et
1334 2061 1401 2124 dis-

216 2152 383 2236 positione
420 2151 556 2214 multum
590 2149 733 2214 valinsse
770 2149 851 2213 illius
880 2150 1114 2214 auctoritatem
1144 2149 1237 2214 facile
1263 2149 1402 2214 demon-

219 2243 314 2305 strari
337 2241 468 2323 poterit.

323 2470 505 2540 1)1oeur,1.
524 2471 541 2523 l.
561 2488 587 2540 p.
603 2471 646 2536 33,
667 2471 710 2524 34.

323 2543 348 2608 2)
371 2542 556 2611 Wattenbach,
579 2542 596 2595 l.
616 2544 633 2600 l.
653 2560 678 2612 p.
692 2542 753 2596 197.
781 2542 862 2596 Edita
882 2547 924 2597 est
947 2542 977 2596 in
995 2540 1055 2595 MG.
1077 2540 1127 2595 SS.
1149 2541 1180 2608 ΙΙ,
1199 2557 1226 2609 p.
1241 2539 1397 2597 585-604

215 2616 256 2670 De
285 2616 348 2669 aliis
376 2613 509 2668 Einhardi
536 2614 726 2668 imitatoribus
750 2614 797 2670 cir.
817 2614 919 2683 Baehr,
937 2614 955 2672 l.
975 2614 991 2670 l.
1011 2613 1026 2684 ξ
1045 2613 1088 2680 89,
1111 2613 1143 2666 91
1166 2616 1231 2680 etc,
1260 2611 1400 2681 imprimis

216 2689 265 2742 cfr.
286 2704 309 2746 c.
329 2687 392 2742 XIX
412 2702 475 2741 cum
496 2685 589 2740 Caroli
608 2687 683 2740 vitae
704 2701 727 2740 c.
747 2685 828 2742 XXV.
