3124 4976
685 366 873 466 AL.

179 590 405 665 transgressus
437 599 511 646 esse
541 581 715 647 videretur.
764 580 893 664 Optime
922 583 1000 646 mihi
1025 583 1065 648 de
1090 582 1153 647 hac
1175 583 1357 648 imitatione

177 674 282 738 verba
304 671 424 737 fecisse
449 672 577 736 videtur
601 671 789 755 Leopoldus
813 673 929 737 Ranke
955 673 988 736 in
1014 691 1130 755 opere,
1157 673 1208 738 cui
1231 674 1358 738 titulum

177 762 294 827 indidit
309 763 428 827 ‘Kritik
440 761 805 827 frinkisehdeutscher
819 761 1100 833 Reiohsannelen’
1115 763 1150 844 1).
1186 763 1253 827 lam
1277 782 1357 828 vero

178 853 213 916 in
235 851 299 917 fine
328 853 422 918 huius
452 852 694 917 dissertationis
721 853 799 916 eius
833 871 963 936 quoque
992 853 1079 917 vitae
1110 853 1358 934 dispositionem

177 959 365 1024 proponere
390 944 496 1008 liceat.

453 1106 634 1170 Einhardi
658 1107 739 1170 vita
763 1104 895 1170 Caroli
919 1105 1089 1189 Magno).

679 1247 855 1313 Praefatio.

285 1380 310 1420 c.
336 1359 423 1421 I-I
427 1357 464 1437 V,
485 1377 566 1440 pens
586 1356 734 1442 familia.

286 1446 350 1527 IV,
374 1448 413 1510 de
442 1449 537 1511 coins
564 1448 741 1510 nativitate
770 1453 867 1529 atqne
895 1447 1047 1532 infantia
1075 1444 1125 1508 neb
1152 1449 1254 1510 etiam
1277 1467 1361 1530 pne-

176 1539 261 1602 m'tia
371 1539 502 1600 omissis
525 1538 717 1621 incopnitis,
741 1538 888 1600 transire
910 1537 1077 1620 disposui,
1100 1537 1151 1600 ita
1175 1542 1300 1616 tamen,
1323 1543 1361 1599 nt

172 1628 286 1711 primo
313 1647 367 1690 res
392 1633 505 1711 pestes
533 1633 564 1690 et
593 1629 683 1690 domi
710 1634 741 1690 et
766 1628 867 1712 foris,
900 1627 1019 1690 deinde
1052 1645 1159 1689 mores
1187 1633 1219 1689 et
1246 1626 1361 1690 stadia

177 1719 265 1796 eins,
289 1723 360 1780 toan
383 1718 423 1781 de
446 1718 542 1801 neoni
557 1717 850 1781 administratione
873 1722 905 1779 et
925 1716 992 1801 fine
1007 1716 1197 1796 narrando,
1220 1716 1307 1780 nibil
1321 1713 1361 1780 de

180 1807 248 1888 bis,
284 1827 366 1889 onae
395 1809 528 1891 copnitn
562 1807 611 1870 oei
646 1807 750 1892 diona
784 1806 835 1870 oei
867 1807 1056 1870 necessaria
1088 1813 1182 1886 sant,
1211 1813 1362 1889 praeter-

177 1899 312 1962 mittam
326 1900 361 1980 ³).

301 1987 322 2050 l.
348 2008 374 2051 c.
400 1983 588 2067 V—-XVII,
612 1987 678 2051 vita
702 1986 841 2068 publica.

340 2076 377 2142 A.
404 2098 429 2142 c.
454 2076 560 2139 V—X
567 2076 603 2155 V,
627 2076 719 2140 belia.

340 2165 376 2228 B.
401 2187 427 2230 c.
452 2166 542 2228 XVI
548 2186 607 2248 sq,
630 2186 684 2230 res
706 2168 743 2229 in
761 2186 847 2248 pace
867 2172 987 2249 posiae.

286 2256 321 2320 II.
347 2276 372 2320 c.
399 2255 666 2336 XVIII-cocto,
690 2256 757 2318 vita
780 2257 917 2336 privata.

346 2366 372 2408 c.
399 2346 432 2408 X
437 2345 534 2424 VIII,
558 2352 727 2429 ceteraque
750 2346 796 2408 od
818 2347 1011 2409 interiorem
1034 2351 1131 2428 atone
1148 2345 1359 2409 domesticam

397 2437 502 2499 eitam
520 2437 729 2519 pertinentia
751 2437 822 2499 iam
845 2435 965 2500 abbinc
987 2436 1096 2499 dicere
1119 2435 1311 2519 adprediar.

312 2526 340 2588 1.
366 2545 390 2586 c.
416 2525 449 2587 X
455 2525 679 2600 VIII-XXI,
703 2526 743 2588 de
763 2525 931 2610 familiae,
954 2527 1149 2606 amicornm,
1172 2527 1361 2616 penepnino-

416 2636 492 2678 cnm
512 2636 590 2695 asa,

309 2705 340 2766 2.
366 2725 391 2769 c.
417 2705 530 2784 XXII,
554 2706 594 2768 de
617 2725 760 2787 conpore,

312 2793 343 2859 3.
369 2814 394 2857 c.
420 2793 553 2873 XXIII,
577 2795 704 2872 XXIV,
729 2795 824 2857 mocio
846 2795 987 2872 vivendi,

310 2885 342 2946 4.
368 2904 393 2946 c.
419 2882 528 2964 XXV,
552 2884 676 2947 stadiis
700 2883 903 2965 liberalibus,

310 2971 342 3036 5.
368 2992 393 3035 c.
418 2972 544 3047 XXVI,
568 2973 740 3058 relipionis
763 2995 836 3058 nso,

312 3061 343 3125 6.
368 3082 393 3125 c.
418 3062 566 3142 XXVII,
590 3063 799 3141 iiberalitate,

312 3151 341 3216 I.
366 3173 391 3216 c.
418 3152 586 3233 XXVIII,
610 3152 729 3233 titolis,

310 3242 341 3306 8.
367 3263 393 3306 c.
419 3243 538 3306 XXIX
546 3247 583 3322 4),
609 3242 732 3327 bepibns
755 3249 786 3306 et
809 3245 985 3321 institutis,

310 3331 341 3394 9.
367 3353 393 3396 c.
419 3333 527 3413 XXX,
550 3335 661 3396 morbo
684 3340 715 3396 et
739 3340 851 3412 morte,

293 3420 344 3483 10.
369 3442 394 3484 c.
420 3422 545 3501 XXXI,
566 3425 696 3509 funere,

292 3510 343 3573 11.
369 3530 394 3573 c.
419 3511 565 3591 XXXII,
588 3512 751 3576 ominibus
774 3514 900 3586 montis,

290 3599 342 3662 12.
368 3620 393 3662 c.
419 3600 585 3682 XXXIII,
609 3605 823 3668 testamentis.

289 3686 476 3754 Summani
498 3692 616 3772 opinor
640 3691 812 3756 similitudo
826 3691 961 3772 Augusti
973 3688 1166 3754 Suetoniani
1188 3688 1362 3770 unicuique

180 3779 354 3862 legentium
378 3781 554 3862 perspicua
578 3782 648 3845 erit.

287 3869 486 3934 Einhardum
511 3876 621 3935 autern
646 3871 763 3936 exinde
788 3871 932 3935 imitatus
957 3876 1009 3934 est
1033 3868 1175 3949 scriptor
1197 3868 1284 3931 vitae
1302 3867 1364 3931 Lu-

183 4023 263 4031 --..
275 4025 398 4031 ...—.-.

291 4101 317 4171 1)
336 4100 390 4156 Cir.
408 4103 593 4172 Wottenbacb,
613 4102 896 4172 Geschichtsquellen
913 4102 933 4169 1,
953 4101 978 4168 5,
998 4117 1024 4170 p.
1039 4098 1091 4152 171
1101 4114 1162 4168 sqq.

290 4172 318 4242 2)
335 4173 465 4229 Editione
484 4189 554 4229 usus
574 4190 636 4228 sum
650 4175 679 4226 J.
695 4175 727 4232 L.
745 4175 847 4229 Idclem'
866 4190 891 4228 a.
911 4172 994 4240 1839,
1015 4172 1050 4227 de
1074 4175 1203 4240 tempore
1224 4169 1364 4238 composi·

180 4246 266 4301 tionis
287 4245 334 4300 eir.
356 4247 537 4308 Wattenbacb‚
556 4246 574 4299 l.
593 4247 611 4304 l.
632 4246 694 4304 176.
723 4248 827 4316 Ideler,
845 4246 864 4301 l.
883 4246 901 4303 l.
920 4245 952 4314 11,
972 4262 999 4315 p.
1013 4242 1066 4297 142
1077 4258 1137 4312 sqq.
1166 4242 1269 4311 Bnebr,
1282 4239 1313 4294 Ι..
1328 4240 1360 4296 G.

181 4315 219 4372 im
238 4318 466 4388 karolingischen
484 4318 627 4385 Zoitalter,
646 4335 672 4387 p.
688 4318 742 4372 150
751 4334 821 4388 sqq,
841 4316 894 4372 189
904 4334 965 4388 sqq.
993 4315 1154 4372 Karlsruhe.

288 4391 314 4460 3)
334 4390 387 4449 CIr.
406 4390 480 4445 Suet.
499 4390 567 4459 Aug.
588 4389 633 4443 IX.

288 4463 315 4532 4)
335 4463 416 4532 Quod
435 4462 576 4518 advitam
595 4461 736 4531 publicam
755 4460 898 4530 pertinere
917 4460 1036 4515 videtur.
