3124 4976
755 287 797 352 38

182 522 272 584 mus,
298 501 477 570 Suetonius
494 503 579 566 vitae
604 508 681 568 ante
706 503 925 586 principatum
942 504 1056 568 initum
1072 509 1200 585 partem
1218 522 1261 567 ex
1284 508 1366 567 tem-

181 613 298 676 porum
334 594 422 658 serie
459 610 592 674 semper
627 594 793 658 enarravit
827 612 935 677 neque
971 595 1135 659 rationem
1165 612 1259 658 suam
1292 599 1366 674 ‘per

183 684 330 766 species’
358 682 557 764 disponendi
583 682 731 748 adhibuit
755 684 817 747 nisi
840 685 874 748 in
898 684 970 766 ipso
995 685 1133 767 imperio
1159 684 1364 766 explicando.

183 772 309 839 Caesar
333 779 444 838 autem
468 791 568 837 unum
592 773 700 838 solum
724 793 847 838 annum
871 775 1053 855 imperator
1078 779 1164 852 erat,
1190 780 1365 856 postquam

183 869 216 929 et
232 863 427 946 Pompeium
452 868 485 927 et
508 869 621 944 partes
647 864 716 928 eius
742 865 869 929 devicit.
905 865 989 946 Ergo
1014 865 1089 929 inde
1114 883 1134 928 a
1157 869 1239 928 natu
1263 882 1365 946 usque

184 952 225 1018 ad
248 954 314 1018 hoc
331 959 461 1035 tempus
478 971 532 1017 res
556 953 679 1034 optimo
695 954 765 1018 iure
783 973 801 1019 e
818 959 1005 1036 temporum
1022 955 1149 1019 ratione
1166 955 1200 1017 in
1218 955 1366 1018 ordinem

183 1043 328 1124 digestae
362 1049 438 1107 sunt
473 1044 560 1124 (cap.
578 1042 718 1128 1-7xt).
775 1045 816 1109 At
852 1063 932 1109 vero
970 1045 1076 1125 capite
1113 1044 1366 1127 quadragesimo

185 1133 328 1214 scriptor
354 1133 396 1198 ad
419 1133 526 1215 ipsum
543 1135 764 1215 principatum
780 1133 1052 1216 perscribendum
1072 1135 1239 1199 accedens
1257 1135 1367 1198 statim

183 1223 312 1288 ratione
341 1242 402 1287 sua
431 1223 591 1304 peculiari
619 1243 699 1288 usus
731 1231 797 1304 est;
834 1243 941 1308 neque
973 1223 1068 1289 aliter
1098 1225 1218 1290 deinde
1243 1223 1369 1290 Caesar

185 1313 366 1396 dispositus
383 1319 434 1378 est
451 1318 549 1397 atque
568 1315 669 1378 ceteri
691 1315 918 1396 imperatores.
956 1313 1108 1398 Sequitur
1123 1315 1210 1380 enim
1227 1316 1365 1396 primum

184 1404 224 1467 de
253 1404 319 1466 vita
346 1403 479 1484 publica
507 1421 585 1484 pars
615 1423 642 1467 c.
667 1404 878 1484 XL-XLIV,
915 1423 979 1487 qua
1008 1405 1163 1469 absoluta
1187 1405 1366 1470 Suetonius

185 1512 226 1557 ex
249 1511 342 1558 more
367 1513 428 1558 suo
453 1493 554 1558 vitam
569 1493 732 1574 privatam
757 1500 890 1559 enarrat
915 1514 943 1558 c.
958 1495 1048 1559 XLV
1061 1515 1132 1579 sqq.
1156 1494 1240 1559 Nihil
1257 1501 1367 1559 autem

184 1582 301 1662 refert,
339 1584 429 1666 quod
464 1601 518 1648 res
553 1582 684 1665 publice
707 1590 835 1665 gestae
867 1590 1021 1668 quattuor
1048 1589 1177 1649 tantum
1208 1584 1367 1666 capitibus

185 1680 474 1754 consummantur,
500 1691 618 1738 omnes
635 1673 719 1738 enim
737 1693 792 1738 res
816 1674 851 1736 in
874 1673 936 1738 illis
962 1675 1183 1752 continentur,
1201 1693 1285 1757 quae
1302 1675 1369 1739 huc

184 1765 366 1847 pertinent:
392 1763 632 1827 administratio
656 1763 782 1828 scilicet
804 1763 896 1826 urbis
913 1771 947 1827 et
963 1763 1115 1842 consilia,
1141 1782 1227 1847 quae
1245 1763 1370 1829 Caesar

183 1856 217 1919 iu
234 1852 375 1918 futuram
392 1854 473 1919 illius
490 1854 749 1934 magnitudinem
766 1860 911 1934 ceperat.
949 1852 1157 1935 Quapropter
1173 1854 1205 1918 in
1222 1854 1368 1920 Caesare

185 1963 227 2009 ne
253 1943 423 2008 minimum
448 1942 579 2025 quidem
603 1943 741 2006 inveniri
766 1943 954 2024 opinamur,
988 1962 1052 2027 quo
1079 1945 1141 2008 alio
1167 1962 1242 2009 eum
1267 1946 1367 2009 modo

186 2040 285 2118 atque
304 2037 434 2098 ceteras
451 2033 534 2096 vitas
557 2032 752 2114 dispositum
770 2052 845 2098 esse
863 2033 1075 2115 comprobari
1098 2035 1213 2116 possit.
1245 2034 1368 2099 Multae

187 2124 328 2207 denique
363 2140 417 2187 res
446 2121 523 2186 huic
552 2141 625 2187 cum
655 2123 714 2187 illis
745 2142 939 2188 communes
963 2129 1040 2188 sunt
1064 2129 1163 2207 atque
1189 2123 1368 2190 Suetonius

185 2216 256 2297 ipse
285 2214 318 2277 in
348 2217 498 2278 extremo
529 2214 635 2295 capite
666 2214 814 2279 eiusdem
839 2214 992 2279 Caesaris
1017 2213 1118 2279 XLIV
1132 2215 1158 2296 1)
1195 2215 1369 2279 consilium

188 2324 283 2370 suum
306 2304 407 2368 vitam
431 2303 622 2368 interiorem
652 2309 726 2386 ‘per
751 2302 895 2386 species’
926 2303 1136 2368 describendi
1166 2305 1248 2369 satis
1270 2306 1366 2388 plane

187 2394 421 2478 pronuntiavit.
923 2467 924 2470 Ἴ

298 2484 395 2565 Quod
413 2489 524 2548 autem
543 2485 583 2547 ad
605 2485 734 2565 species
751 2485 840 2565 ipsas
858 2484 891 2546 in
904 2482 1048 2548 Caesare
1066 2483 1227 2549 adhibitas
1243 2483 1366 2560 attinet,

188 2581 224 2641 ut
239 2575 360 2640 nullam
381 2574 581 2651 invenimus
607 2573 684 2655 quin
707 2573 740 2636 in
762 2573 879 2637 ceteris
897 2591 1027 2655 quoque
1044 2574 1119 2638 vitis
1136 2575 1231 2638 nobis
1250 2591 1368 2637 occur-

188 2672 250 2746 rat,
274 2666 320 2729 ita
347 2683 501 2745 magnam
527 2663 662 2728 omnino
686 2662 924 2726 similitudinem
948 2662 1046 2728 Divus
1071 2664 1168 2729 lulius
1194 2681 1268 2727 cum
1293 2662 1369 2726 sub-

189 2755 403 2838 sequentibus
419 2752 671 2834 imperatoribus
692 2753 844 2833 praebet,
866 2752 965 2818 modo
982 2754 1127 2836 ipsarum
1142 2773 1249 2819 rerum
1267 2754 1371 2818 diver-

189 2846 293 2911 sitatis
333 2848 506 2926 respectus
541 2843 713 2908 habeatur.
766 2842 839 2922 Qua
874 2844 914 2908 de
960 2863 1063 2908 causa
1097 2863 1173 2909 cum
1208 2845 1259 2907 his
1296 2862 1371 2908 eum

191 2953 440 3018 componamus.

298 3026 482 3106 Augustum
500 3023 621 3105 optime
640 3021 682 3085 ab
700 3020 862 3088 Suetonio
888 3041 962 3087 esse
988 3023 1181 3105 dispositum
1206 3025 1272 3086 iam
1292 3023 1372 3085 dixi-

190 3136 263 3180 mus
289 3119 333 3199 (p.
353 3116 419 3199 32).
456 3113 492 3177 ln
516 3113 588 3178 solo
613 3112 762 3192 Augusto
788 3111 966 3178 subdivisio
991 3114 1077 3178 vitae
1102 3110 1254 3193 publicae
1279 3112 1373 3176 inve-

191 3207 275 3270 nitur
297 3205 387 3283 talis,
423 3209 458 3268 ut
492 3203 596 3266 altera
623 3206 717 3282 parte
745 3220 798 3266 res
828 3203 861 3266 in
889 3203 993 3283 bello,
1024 3203 1129 3266 altera
1152 3220 1207 3266 res
1231 3203 1265 3266 in
1288 3221 1371 3284 pace

191 3301 304 3379 gestae
319 3295 531 3376 explicentur.
556 3289 648 3356 Bella
661 3296 769 3356 autem
787 3293 932 3374 perbene
950 3295 982 3357 in
999 3293 1104 3357 civilia
1121 3298 1219 3376 atque
1233 3299 1373 3358 externa

192 3387 299 3451 divisa
323 3391 407 3448 sunt.
450 3381 516 3447 Sed
546 3381 645 3446 etiam
668 3380 755 3446 hanc
783 3384 879 3466 primi
902 3385 1110 3465 imperatoris
1134 3385 1371 3465 proprietatem

191 3477 225 3541 in
248 3476 321 3557 ipsa
344 3493 379 3539 re
404 3473 548 3555 positam
565 3490 640 3536 esse
658 3473 790 3554 opinor;
815 3492 892 3538 nam
918 3475 950 3536 in
973 3475 1156 3554 principatu
1174 3473 1246 3553 ipso
1264 3490 1372 3555 neque

192 3566 318 3632 Caesar
346 3581 454 3646 neque
485 3563 586 3626 ceteri
615 3563 682 3626 lulii
714 3563 800 3628 bella
829 3564 964 3627 maioris
993 3563 1153 3625 momenti
1185 3569 1372 3643 gesserunt3

191 3661 371 3740 propterea
396 3653 574 3719 Suetonius
600 3654 689 3718 etin
713 3652 858 3733 Caligula
885 3653 1005 3717 bellum
1034 3651 1261 3716 Britannicum
1285 3654 1372 3716 vitae

192 3747 342 3831 privatae
366 3745 505 3809 inseruit
535 3743 605 3826 (cfr.
636 3761 736 3825 supra
752 3763 783 3824 p.
802 3743 858 3825 37)
883 3748 915 3806 et
938 3743 970 3804 in
996 3741 1130 3806 Claudio
1156 3761 1222 3806 uno
1248 3747 1373 3806 tantum

194 3836 335 3919 capitulo
362 3833 578 3916 expeditionis
604 3839 762 3898 externae
787 3831 990 3897 mentionem
1014 3831 1092 3897 fecit
1116 3832 1188 3916 (cfr.
1213 3853 1244 3914 p.
1259 3833 1327 3913 27).

302 3925 455 3990 Ceterum
480 3924 547 3989 Iulii
572 3930 605 3988 et
627 3924 660 3986 in
685 3943 747 3987 usu
770 3923 910 4004 partium
935 3923 1024 3987 etin
1050 3923 1165 3986 ordine
1190 3922 1374 4004 argumenti

194 4016 322 4099 egregie
348 4021 535 4096 congruunt
554 4015 640 4079 inter
662 4032 707 4078 se.
749 4012 846 4093 Quod
877 4032 950 4078 cum
974 4014 1041 4077 iam
1065 4031 1105 4076 ex
1130 4013 1209 4094 ipsis
1235 4012 1375 4093 disposi—

193 4107 338 4172 tionibus
364 4124 463 4188 supra
487 4105 623 4188 prolatis
647 4103 788 4186 perspici
811 4104 932 4185 possit,
965 4109 1077 4167 tamen
1102 4102 1145 4166 ad
1167 4121 1237 4168 rem
1263 4101 1376 4167 diluci-

194 4198 267 4262 dius
301 4197 529 4260 illustrandam
564 4194 710 4258 tabulam
747 4195 1004 4270 construximus,
1036 4211 1134 4275 quam
1165 4194 1198 4256 in
1222 4193 1377 4273 proxima

193 4288 314 4370 pagina
339 4288 383 4369 (p.
399 4285 456 4366 39)
480 4284 695 4367 proferemus.

195 4388 408 4398 ...-———

302 4411 328 4481 1)
347 4409 400 4464 cn.
419 4426 445 4479 p.
460 4408 504 4463 30.
