3124 4976
793 323 837 386 32

706 412 920 424 ——-———

222 534 331 615 ipsum
356 553 421 616 quo
451 535 593 616 scriptor
620 535 714 614 vixit,
744 554 922 620 moresque
951 542 1138 620 temporum
1163 540 1257 605 valde
1282 538 1403 604 favisse

222 625 298 687 huic
324 624 417 705 operi
440 642 509 689 non
533 630 583 689 est
608 626 697 708 quod
721 625 866 707 pluribus
891 645 1056 708 exponam
1081 628 1152 713 (cfr.
1176 650 1207 711 p.
1228 631 1272 712 7).

329 714 490 779 Nonnulla
505 716 540 778 in
556 715 744 779 universum
762 717 803 780 ad
818 718 947 799 species
964 718 1054 800 ipsas
1067 719 1274 784 illustrandas
1288 719 1402 782 afferre

221 803 330 869 liceat.
375 805 445 870 Hae
481 803 549 868 sere
586 810 675 883 sunt,
713 805 831 888 quibus
860 805 1038 873 Suetonius
1068 810 1259 894 plerumque
1289 809 1402 873 utitur:

222 894 262 959 de
287 898 366 957 natu
390 899 424 958 et
448 900 534 973 ortu,
560 895 601 959 de
619 912 760 976 corpore
777 897 906 961 vivendi
923 900 1025 962 modo
1042 900 1286 980 magistratibus
1303 899 1404 962 virtu-

221 983 308 1047 tibus
337 984 421 1048 vitiis
452 985 635 1049 amicorum
662 986 922 1068 propinquorum
949 989 1158 1054 inimieorum
1193 1009 1254 1054 usu
1287 988 1403 1054 studiis

222 1074 370 1154 corporis
401 1079 433 1138 et
457 1076 557 1138 animi
580 1075 800 1157 voluptatibus
830 1082 861 1140 et
890 1076 1075 1143 libidinibus
1103 1079 1230 1161 legibus
1257 1085 1290 1144 et
1312 1079 1403 1142 insti-

221 1163 404 1228 tutionibus
433 1163 524 1229 bellis
552 1166 714 1247 portentis
744 1166 885 1231 oraculis
917 1169 1056 1232 ostentis
1082 1170 1123 1233 ad
1148 1176 1262 1234 natum
1285 1170 1404 1251 princi-

221 1259 334 1334 patum
357 1261 540 1320 mortemve
564 1256 821 1336 pertinentibus,
847 1257 927 1321 aliis
963 1257 1052 1337 Quas
1075 1265 1189 1341 partes
1206 1261 1283 1325 dum
1308 1277 1405 1341 sepa-

222 1362 297 1408 rare
323 1345 446 1423 studet,
471 1351 538 1409 tam
555 1363 715 1426 perverso
741 1365 842 1428 saepe
867 1352 1001 1430 tamque
1017 1349 1127 1431 inepto
1151 1351 1251 1414 modo
1269 1350 1403 1414 nuntios

221 1434 331 1498 varios
349 1435 526 1515 disposuit,
544 1440 581 1498 ut
596 1432 700 1499 ferme
718 1454 786 1500 non
804 1444 974 1518 appareat,
999 1440 1278 1522 quemadmodum
1294 1457 1404 1504 narra-

221 1524 331 1587 tiones
356 1524 441 1588 inter
465 1543 501 1589 se
527 1525 739 1588 cohaereant.

330 1613 426 1694 Quod
452 1615 587 1696 sInguIIs
610 1614 683 1676 vitis
709 1616 929 1696 comprobare
959 1637 1028 1682 non
1053 1637 1137 1701 opus
1162 1620 1237 1699 erit;
1269 1619 1404 1683 namin

221 1721 418 1786 unaquaque
455 1704 617 1769 eiusmodi
652 1705 851 1784 perversitas
885 1706 1023 1770 inveniri
1051 1713 1176 1788 potest,
1209 1709 1255 1772 ita
1290 1714 1326 1772 ut
1361 1727 1403 1774 ne

220 1796 386 1875 Augustus
403 1793 548 1877 quidem,
566 1793 703 1857 rationis
717 1791 939 1858 Suetonianae
956 1794 1192 1860 nobilissimum
1206 1797 1402 1878 exemplum,

222 1902 352 1949 morum
382 1889 480 1966 atque
509 1885 596 1947 vitae
624 1884 719 1963 prImi
746 1883 956 1963 imperatoris
983 1884 1159 1964 imaginem
1187 1903 1300 1948 veram
1328 1904 1403 1965 per-

222 1973 408 2054 fectamque
425 1972 521 2036 nobis
545 1971 714 2052 praebeat.
752 1971 835 2035 Nam
860 1973 975 2050 multa,
1001 1991 1084 2055 quae
1108 1972 1265 2038 hocloco
1284 1973 1402 2036 summi

221 2062 381 2127 momenti
402 2068 509 2139 erant,
536 2059 714 2125 Suetonius
730 2061 959 2142 praetermisit.
991 2061 1077 2126 Nihil
1094 2061 1189 2126 affert
1206 2064 1246 2127 de
1261 2062 1401 2140 ratione,

222 2171 287 2234 qua
299 2152 463 2232 Augustus
481 2150 674 2215 Maecenate
690 2151 834 2236 Agrippa
849 2151 920 2216 aliis
945 2170 1024 2217 usus
1042 2153 1096 2230 sit,
1114 2152 1192 2216 nihii
1207 2153 1247 2215 de
1264 2151 1401 2216 Horatio

222 2241 363 2322 Vergilio
393 2240 484 2306 Livio
514 2241 584 2306 aliis
612 2241 825 2322 scriptoribus
855 2241 951 2306 huius
981 2242 1055 2306 aevi
1084 2241 1197 2320 adicit;
1225 2242 1277 2306 vel
1308 2239 1403 2305 mdlis

222 2331 274 2395 vel
297 2331 500 2412 parcissimis
517 2331 626 2396 verbis
651 2332 683 2396 in
701 2331 832 2396 Tiberio
852 2331 963 2398 Seiani
983 2332 1113 2396 scelera
1128 2331 1280 2410 iilustrat;
1304 2330 1403 2394 trium

220 2422 404 2503 principum
442 2421 592 2499 rebellio,
634 2428 792 2504 quantum
821 2423 863 2486 ad
893 2421 1086 2486 Suetonium
1117 2421 1245 2499 attinet,
1283 2419 1404 2484 obscu-

221 2513 352 2576 rissima
375 2511 461 2575 foret
488 2511 550 2575 nisi
576 2510 680 2574 Taciti
706 2511 863 2575 historias
892 2510 1023 2575 fortuna
1054 2515 1232 2574 servasset.
1279 2511 1402 2574 Rursus

222 2603 346 2675 evenit,
371 2607 405 2665 ut
430 2601 550 2664 multae
574 2617 629 2664 res
653 2604 846 2680 repetantur
870 2605 904 2662 et
920 2599 1082 2664 uberrime
1099 2605 1294 2678 tractentur,
1321 2619 1403 2682 quas

222 2693 354 2756 novisse
378 2691 487 2755 minus
511 2690 649 2754 interest
678 2690 720 2752 ad
749 2689 978 2754 diiudicandos
1003 2707 1115 2754 mores
1141 2688 1328 2756 Octaviani:
1357 2691 1403 2754 ita

223 2782 363 2863 exempli
387 2781 491 2861 gratia
513 2785 586 2844 tota
608 2797 685 2860 pars
702 2779 839 2859 Augusti
863 2798 948 2862 quae
972 2781 1113 2861 pertinet
1136 2780 1211 2844 inde
1237 2798 1257 2844 a
1279 2798 1351 2862 cap.
1364 2779 1401 2844 V.

225 2872 266 2935 ad
291 2871 346 2936 IX.
373 2870 454 2934 setis
479 2887 728 2952 supervacanea
747 2875 813 2934 est.

330 2960 438 3042 Saepe
452 2960 628 3025 Suetonius
652 2977 776 3041 genera
793 2960 890 3024 certis
907 2959 1017 3024 verbis
1035 2959 1182 3023 distinxit
1198 2964 1230 3023 et
1247 2960 1400 3037 secrevit,

223 3052 270 3115 ita
292 3056 329 3115 ut
351 3052 417 3114 iam
434 3049 612 3114 initialibus
629 3049 832 3129 singulorum
849 3050 991 3130 capitum
1009 3047 1178 3112 vocabulis
1197 3067 1401 3131 cognoscere

224 3141 406 3223 possimus,
433 3158 517 3222 quae
541 3145 684 3203 tractata
700 3139 765 3201 sint
780 3139 869 3202 velut
892 3139 924 3201 in
948 3138 1044 3203 lexici
1068 3138 1243 3218 columnis3
1269 3138 1327 3204 cir.
1350 3158 1401 3204 ex.

224 3251 270 3312 gr.
287 3230 412 3295 Caes:
438 3249 466 3294 6.
485 3229 538 3292 45.
564 3228 664 3292 fuisse
689 3227 826 3290 traditur
850 3228 984 3292 excelsa
1007 3232 1142 3291 6666666
1165 3234 1228 3293 666.

483 3317 525 3383 ib.
552 3336 580 3382 6.
598 3317 651 3381 46.
677 3317 839 3381 bobe'tooit
861 3317 967 3398 primo
991 3322 1054 3382 etc.

498 3457 514 3492 ,‚
553 3425 581 3471 6.
599 3407 653 3472 49.
672 3407 861 3490 pudicitiae
885 3407 953 3472 eius
978 3407 1100 3472 tamam
1124 3413 1187 3471 eto.

323 3522 326 3527 ·
437 3499 529 3579 Aug.
554 3517 582 3560 c.
600 3496 641 3560 X.
667 3496 813 3561 omnium
837 3497 995 3562 bellorum
1018 3504 1080 3562 etc.

475 3638 490 3670 ,
555 3607 583 3652 6.
601 3587 674 3652 XX.
699 3593 840 3651 eceterae
862 3587 947 3651 belle
971 3593 1034 3651 etc.

476 3729 489 3758 „
555 3697 582 3741 c.
600 3676 713 3742 XXIV.
739 3677 771 3740 in
787 3697 823 3740 re
839 3676 984 3742 militari
1000 3682 1034 3740 et
1050 3677 1266 3741 commutavit
1283 3682 1346 3742 ete.

475 3817 490 3850 ,
556 3787 583 3832 c.
601 3767 714 3834 XXVI.
738 3768 959 3851 magistratus
982 3773 1079 3849 atque
1103 3766 1239 3830 6666666
1256 3772 1318 3831 666.

333 3857 426 3937 Quae
444 3876 499 3921 res
517 3857 638 3938 optime
655 3856 734 3920 mihi
751 3857 881 3938 quidem
901 3875 941 3920 ex
958 3856 1095 3922 Claudio
1114 3856 1243 3920 elucere
1260 3857 1400 3920 videtur:

225 3949 354 4014 Claud.
392 3967 419 4012 c.
448 3947 470 4012 I.
505 3953 651 4032 petrem,
683 3946 716 4010 II.
740 3952 852 4027 66666,
885 3946 932 4011 ΙΙΙ.
967 3944 1167 4029 disciplinis,
1191 3945 1230 4010 V.
1255 3946 1402 4025 6666666,

224 4038 278 4103 ΙΧ.
296 4039 557 4116 discriminibus,
572 4037 614 4102 X.
631 4037 809 4121 imperium
826 4038 922 4119 cepit,
938 4036 1004 4101 XII.
1022 4042 1059 4099 66
1076 4037 1113 4098 66
1128 4042 1229 4099 semet
1243 4036 1401 4120 6696666,

225 4128 306 4192 XIII.
332 4147 390 4190 666
405 4147 525 4209 cepere
547 4127 763 4206 insidiarum,
786 4126 867 4190 XIV.
893 4124 1094 4204 6666666666,
1119 4124 1189 4189 XV.
1211 4128 1247 4188 66
1271 4145 1403 4210 669666-

225 4217 325 4281 66666
346 4223 443 4299 atque
459 4216 671 4295 decernendo,
692 4216 786 4280 XVII.
812 4216 1065 4300 empeditionem,
1090 4213 1200 4281 XVIII.
1225 4215 1319 4278 66666
1342 4235 1402 4278 66-

224 4323 390 4390 66666666
419 4326 558 4387 666666,
587 4305 659 4370 XX.
686 4325 797 4390 opero,
833 4305 919 4370 XXI.
945 4305 1128 4390 congiario,
1160 4303 1275 4369 XXIV.
1304 4325 1395 4368 6666·

223 4403 347 4478 mente,
368 4396 468 4461 XXV.
486 4402 649 4479 equestres
667 4395 821 4476 milities,
843 4395 957 4460 XXVI.
974 4414 1123 4479 sponsos,
1148 4393 1276 4460 XXVII.
1290 4414 1340 4477 sq.
1365 4393 1402 4458 li-
