3124 4976
743 312 787 376 33

168 533 289 610 bertot,
323 527 422 594 XXX.
455 531 654 608 auctoritas,
671 548 719 611 sq.
744 526 947 607 ooletodine,
963 547 1012 610 sq.
1037 528 1202 608 mavinia
1218 548 1267 611 sq.
1290 530 1353 593 cibi

167 622 315 703 uinique,
343 639 391 701 sq.
421 637 555 682 suevum
587 625 662 699 etc,
698 617 803 682 XLHl.
832 619 947 702 mgna,
982 616 1075 682 XLV.
1104 637 1209 698 more,
1243 617 1352 684 XLVI.

211 729 290 773 uena
312 728 357 772 eo.

163 731 210 794 Pr
279 729 364 879 (guid
400 803 511 862 autem
541 797 729 863 continetur
757 797 889 877 singulis
918 795 1090 878 partibus?
1137 795 1257 863 Omnia
1286 798 1353 862 huo

172 888 403 954 referebantur
427 905 447 950 a
472 886 649 966 Suetonio,
680 905 763 970 quae
789 887 819 950 ei
843 892 976 968 praesto
1005 891 1109 950 erant.
1156 886 1271 972 Neque
1297 907 1354 952 ex-

173 979 301 1060 plorata
329 983 454 1042 tantum
482 978 542 1042 sed
572 979 671 1043 etiam
698 977 819 1041 tradita
846 975 945 1040 dubia
972 977 1100 1040 incerta
1128 978 1285 1060 ancipitia
1308 1014 1352 1025 -

174 1069 362 1150 plerumque
395 1085 476 1131 sune
511 1067 702 1132 auctoribus
736 1066 896 1149 appositis
924 1102 968 1112 -
995 1065 1134 1149 profert,
1168 1068 1216 1131 ita
1248 1074 1286 1132 ut
1319 1069 1351 1147 ii,

174 1158 227 1240 qui
256 1159 379 1240 scripta
405 1158 533 1238 legunt,
563 1157 624 1222 sub
654 1157 746 1221 titulo
776 1175 844 1220 uno
875 1173 991 1220 omnes
1020 1175 1075 1221 res
1104 1163 1291 1223 memoratu
1320 1164 1353 1222 et

171 1248 286 1329 dignas
316 1253 348 1311 et
372 1247 521 1328 indignas
551 1247 696 1312 invenire
721 1247 859 1328 possint.
908 1245 1017 1326 Quare
1050 1245 1272 1312 difficillimum
1296 1267 1353 1313 ne-

171 1337 295 1419 gotium
321 1343 381 1416 est,
407 1338 435 1401 si
460 1338 532 1419 quis
561 1356 603 1402 ex
631 1337 802 1419 particulis
829 1336 879 1400 his
908 1337 1039 1401 minutis
1068 1356 1232 1419 personas
1262 1337 1352 1420 ipsas

171 1446 349 1511 earumque
383 1445 494 1492 mores
531 1428 640 1493 denuo
677 1427 742 1492 sibi
774 1425 960 1508 confingere
998 1427 1144 1506 studeat,
1181 1428 1276 1510 quasi
1310 1446 1352 1493 ex

169 1517 313 1583 tessellis
326 1518 501 1599 imaginem
515 1518 741 1582 tessellariam.
759 1516 843 1581 Nam
856 1517 902 1580 uti
915 1517 1036 1596 omnia,
1051 1535 1135 1600 quae
1150 1517 1192 1582 ad
1204 1518 1351 1600 speciem

169 1626 271 1672 unam
287 1609 494 1672 tractandam
507 1609 672 1690 pertinere
686 1625 754 1672 non
767 1605 971 1686 videbantur,
988 1607 1130 1688 scriptor
1145 1608 1190 1673 ihi
1206 1613 1353 1689 praeter-

170 1699 266 1777 misit,
296 1698 342 1762 ita
366 1698 436 1762 aliis
464 1699 546 1762 locis
575 1699 675 1762 etiam
702 1702 897 1778 repetuntur
920 1716 974 1761 res
995 1698 1142 1779 singulae
1160 1697 1352 1781 (elapsa).

277 1787 536 1871 circumscripta
569 1789 603 1853 in
641 1788 832 1852 universum
866 1787 1007 1852 vitarum
1039 1785 1188 1852 Suetonii
1222 1789 1352 1852 ratione

170 1879 379 1960 pervenimus
414 1879 455 1942 ad
489 1878 689 1960 singularum
725 1877 984 1958 descriptionum
1019 1877 1264 1960 dispositiones.
1316 1878 1352 1943 ln

173 1969 377 2051 exponendis
409 1973 519 2033 autem
548 1970 588 2033 de
613 1968 664 2032 his
689 1967 873 2048 singillatim
897 1967 1023 2032 iudiciis
1054 1967 1095 2032 ah
1120 1969 1258 2050 Augusti
1280 1967 1352 2032 bio-

173 2058 308 2139 graphia
343 2077 501 2123 exeamus
535 2068 634 2141 atque
668 2058 811 2142 reliquas
841 2059 884 2121 ad
911 2058 999 2126 illam
1027 2077 1240 2139 revocemus;
1272 2076 1351 2122 nam

176 2147 321 2210 omnium
342 2149 462 2213 iudicio
487 2155 521 2213 et
548 2149 669 2230 optime
694 2153 745 2212 est
769 2148 897 2228 digesta
921 2154 954 2212 et
978 2153 1110 2213 ceterae
1135 2166 1176 2212 ex
1199 2149 1253 2213 illa
1270 2167 1352 2231 quo-

175 2237 352 2302 dammodo
368 2240 522 2319 pendent.
548 2238 661 2304 Utrum
685 2238 806 2319 optime
824 2257 954 2321 quoque
973 2238 1158 2321 composita
1175 2240 1217 2302 sit
1231 2256 1349 2317 necne,

175 2345 244 2390 non
268 2328 347 2391 satis
370 2328 454 2392 inter
478 2329 567 2393 viros
593 2329 713 2394 doctos
739 2332 882 2407 constat,
913 2347 1053 2411 quorum
1079 2328 1131 2392 alii
1155 2328 1251 2392 aliam
1275 2347 1352 2392 sen-

172 2417 309 2482 tentiam
332 2417 428 2482 bonis
454 2419 565 2484 causis
589 2418 787 2502 fulserunt).

281 2506 376 2587 Quod
406 2499 518 2573 autem
546 2509 662 2574 attinet
695 2509 735 2572 ad
768 2508 854 2572 illam
884 2509 1126 2590 quaestionem,
1155 2528 1234 2573 num
1262 2509 1350 2573 vitae

172 2597 348 2662 duodecim
373 2599 480 2681 aliquo
505 2600 606 2664 modo
629 2600 715 2663 inter
739 2617 775 2663 se
801 2598 1019 2678 cohaereant,
1044 2599 1206 2680 Regent2)
1232 2604 1351 2663 contra

170 2685 353 2768 Dirkseni³)
382 2689 583 2753 sententiam
613 2690 837 2771 disputantem
867 2707 997 2772 sequar.
1040 2688 1125 2753 Nihil
1155 2689 1243 2753 enim
1269 2688 1352 2755 Sue-

171 2777 297 2841 tonium
321 2778 408 2842 aliud
433 2785 605 2861 spectasse
628 2784 722 2861 putu,
749 2797 849 2862 quam
872 2783 908 2842 ut
931 2778 1103 2842 historiam
1127 2797 1208 2845 suae
1234 2779 1351 2842 aetatis

170 2867 245 2932 vitis
270 2868 507 2950 imperatorum
532 2887 734 2950 componere
761 2869 981 2950 conareturil.
1010 2868 1083 2932 Alia
1099 2869 1242 2951 quadam
1266 2869 1352 2951 eogi-

171 2957 298 3022 tatione
328 2959 507 3024 adductum
536 2978 612 3025 esse
642 2959 835 3041 scriptorem
865 2958 953 3022 illurn
982 2977 1051 3022 non
1075 2957 1246 3024 verisimile
1276 2976 1352 3023 esse

171 3052 262 3128 puto.
309 3047 423 3131 Neque
461 3068 536 3114 oum
560 3049 680 3114 Rothio
688 3050 714 3131 ⁵)
744 3049 955 3113 dubitandum
992 3067 1067 3113 esse
1101 3048 1242 3128 videtur,
1276 3049 1353 3132 quin

172 3135 349 3204 Suetonius
365 3139 436 3220 ipse
462 3158 546 3222 opus
571 3158 667 3204 suum
690 3139 724 3204 in
746 3138 850 3204 libros
865 3138 933 3204 Vlll
959 3139 1106 3203 diviserit
1124 3139 1150 3202 it
1173 3140 1263 3222 quod
1286 3140 1352 3204 iam

171 3226 299 3291 fulcitur
333 3247 373 3293 ac
402 3229 626 3309 confirmatur,
663 3229 752 3313 quod
783 3229 957 3308 Maximus,
994 3229 1140 3294 imitator
1177 3229 1353 3295 continua-

170 3322 285 3400 torque
311 3317 500 3403 Tranquilli,
524 3320 612 3386 idem
636 3318 756 3402 feeitl).

277 3407 523 3474 Accedentibus
557 3409 656 3474 nobis
690 3411 734 3474 ad
769 3409 913 3490 singulas
941 3410 1082 3474 vitarum
1109 3415 1222 3492 partes
1254 3428 1354 3474 aecu-

171 3497 274 3562 ratius
299 3499 537 3564 describendas
561 3517 741 3583 earumque
765 3518 861 3564 usum
886 3499 1117 3580 explicandum
1140 3499 1234 3565 facile
1251 3518 1354 3582 appa·

173 3585 261 3650 rebit
290 3605 331 3650 ex
352 3589 432 3671 ipsis
460 3589 560 3654 rebus
584 3590 685 3672 gestis
710 3607 794 3673 quae
822 3588 856 3652 in
879 3589 953 3652 vitis
978 3589 1113 3670 singulis
1143 3590 1354 3655 continentur

173 3675 270 3739 valde
293 3679 438 3756 pendere
464 3685 496 3744 et
519 3699 614 3745 usum
639 3685 672 3744 et
696 3680 847 3744 ordinem
871 3696 1038 3760 generum.
1079 3677 1134 3743 Sic
1151 3679 1186 3744 fit
1201 3685 1251 3760 ut,
1277 3699 1352 3746 cum

176 3819 387 3832 -—-.—-..

279 3909 305 3979 1)
323 3911 434 3981 Nissen,
447 3911 465 3965 l.
481 3913 512 3979 1.;
532 3911 641 3981 Ranke,
655 3912 696 3967 W.
713 3911 743 3967 G.
754 3913 798 3972 111.
813 3912 830 3966 2
847 3929 873 3983 p.
884 3911 938 3966 318
948 3927 1017 3981 sqq,
1036 3910 1103 3979 342;
1124 3911 1260 3981 Niebuhr,
1276 3911 1308 3966 R.
1321 3910 1353 3966 G.

170 3979 231 4034 233.
251 3981 523 4110 1131111.11.16ῗ838ᾳ.
544 3985 599 4038 alii.

278 4125 305 4196 3)
323 4127 440 4197 Abhdlg.
461 4129 512 4184 der
528 4128 602 4184 Berl.
622 4128 710 4184 Akad.
731 4129 811 4184 1848.

276 4196 378 4267 4)(111Ι
400 4199 527 4255 Galbae
548 4218 571 4255 c.
591 4201 611 4257 l.

278 4269 305 4338 5)
323 4271 340 4324 1.
361 4271 378 4328 l.
399 4289 425 4341 p.
440 4273 485 4326 Xl.
497 4289 538 4342 sq.

278 4341 305 4411 6)
323 4341 377 4398 Cir.
399 4345 449 4403 Tt.
469 4345 549 4398 Birt:
576 4345 685 4402 antikes
713 4344 900 4402 Buchwesen
933 4345 1006 4400 Berl.
1032 4343 1104 4399 1882
1128 4360 1154 4413 p.
1170 4342 1232 4411 308,
1247 4342 1302 4398 380
1311 4360 1353 4414 sq.

169 4413 233 4466 Jac.
251 4413 382 4481 Mueller,
401 4415 477 4486 apud
494 4417 666 4488 Boedinper,
684 4417 795 4472 Unters.
815 4433 864 4472 zur
882 4421 953 4472 rtim.
972 4416 1168 4486 Kaisergesch.
1188 4416 1232 4474 Ill.
1249 4432 1276 4486 p.
1293 4415 1353 4471 122.

1156 4523 1173 4576 3
