3124 4976
751 321 791 384 12

181 535 360 602 Suetonius
392 536 442 598 his
471 536 553 600 locis
582 541 639 600 aut
668 536 871 601 Monumenti
898 536 973 600 lecti
1000 537 1266 601 reminisceretur
1293 537 1365 602 sive

180 627 289 707 ipsum
301 631 505 706 excerperet,
516 631 573 689 aut
583 625 716 690 fortuito
728 626 913 690 huiusmodi
923 627 1087 690 sermonis
1101 627 1361 708 congruentiam,

182 716 313 798 qualem
330 715 398 779 lere
414 716 446 778 in
463 716 610 797 plurimis
627 717 722 780 unius
745 717 872 798 generis
890 715 1044 796 operibus
1065 716 1203 780 inveniri
1219 722 1361 796 constat,

182 804 355 886 proferret.
392 805 488 870 Certe
517 805 594 869 nihil
624 806 666 869 ad
689 805 819 870 Nisseni
847 806 1046 870 sententiam
1076 805 1362 887 comprobandam

182 896 291 959 valere
320 893 487 972 videntur,
528 895 725 976 praesertim
762 915 837 960 cum
871 913 913 958 ex
949 895 1179 960 diversissimis
1213 897 1361 978 partibus

182 985 293 1049 collati
325 985 398 1048 sint.
434 983 582 1065 Singulas
611 985 705 1066 igitur
739 1003 794 1049 res
829 985 1062 1049 memorabiles
1093 984 1287 1051 Suetonium
1320 1004 1361 1050 ex

180 1075 319 1156 Augusti
362 1073 506 1138 lontibus
550 1075 701 1138 hausisse
743 1076 770 1139 si
810 1093 1026 1154 concessero,
1071 1076 1119 1139 rei
1159 1075 1361 1140 satisfecisse

183 1163 331 1228 videbor.

291 1254 334 1318 At
362 1254 536 1317 consilium
563 1273 623 1335 per
652 1251 811 1335 ‘species’
842 1254 1037 1334 disponendi
1065 1254 1244 1320 Suetonius
1274 1255 1361 1320 nullo

133 1377 136 1384 =
182 1344 283 1408 modo
309 1343 525 1408 Monumento
542 1343 721 1426 Ancyrano
747 1343 856 1407 debet.
896 1343 999 1409 Immo
1024 1350 1080 1408 aut
1103 1345 1173 1426 ipse
1198 1345 1263 1408 sibi
1285 1345 1363 1409 illud

183 1433 349 1497 confinxit.
366 1440 400 1497 et
422 1433 492 1514 ipse
517 1433 612 1496 huius
637 1434 739 1497 moris
764 1433 918 1497 inventor
935 1434 1148 1515 appellandus
1166 1439 1217 1498 est
1240 1441 1298 1498 aut
1321 1454 1363 1499 ex

183 1523 321 1587 aliorum
358 1523 473 1586 studiis
502 1524 623 1604 pendet
655 1523 724 1587 sive
758 1521 962 1588 Graecorum
990 1525 1058 1588 sive
1082 1525 1311 1589 Romanorum
1328 1527 1362 1608 ¹).

182 1613 255 1676 Alia
278 1631 358 1676 vero
385 1613 533 1694 quaestio
558 1619 591 1676 et
615 1613 745 1677 diversa
773 1619 838 1692 est,
867 1617 977 1676 utrum
1002 1613 1044 1679 ob
1072 1615 1106 1677 id
1130 1613 1252 1678 lactum
1275 1615 1362 1679 bene

181 1703 224 1766 de
249 1703 475 1766 Romanorum
498 1703 613 1766 litteris
638 1703 680 1766 sit
703 1704 837 1766 meritus
862 1721 980 1767 necne.

292 1791 342 1855 Ac
365 1792 506 1872 primum
531 1792 663 1874 quidem
692 1812 761 1857 non
788 1792 956 1872 intellego,
982 1811 1040 1855 cur
1064 1790 1242 1856 Suetonius
1265 1811 1363 1874 prae-

183 1887 322 1963 ceptore
346 1882 399 1946 vel
422 1888 555 1946 auctore
580 1883 615 1945 in
639 1883 821 1946 scribendis
850 1881 926 1945 vitis
955 1880 1206 1963 excolendaque
1232 1883 1362 1946 ratione

183 1988 247 2035 sua
270 1971 408 2052 eguerit,
434 1972 523 2053 quod
546 1972 666 2036 Nissen
690 1992 720 2053 p.
743 1972 808 2035 497
839 1971 1022 2035 contendit.
1062 1970 1189 2034 Deinde
1208 1969 1362 2035 Caesaris

184 2061 284 2124 vitam
307 2079 376 2124 non
401 2061 507 2125 solum
530 2062 696 2126 nonnullis
720 2061 802 2125 locis
819 2060 861 2124 ab
886 2061 1014 2140 integra
1029 2065 1215 2140 temporum
1231 2059 1362 2123 ratione

182 2151 375 2233 discrepare
403 2156 483 2231 puto
512 2150 584 2232 (cfr.
609 2151 728 2216 Nissen
755 2171 786 2231 p.
801 2149 892 2232 491),
921 2150 980 2217 sed
1011 2150 1076 2212 iam
1104 2151 1137 2212 in
1164 2149 1228 2213 hac
1256 2149 1364 2231 operis

183 2246 278 2324 parte
309 2240 532 2323 Tranquillum
562 2241 671 2322 ipsum
699 2241 774 2305 illud
809 2239 1052 2304 conclamatum
1080 2239 1254 2304 consilium
1284 2255 1365 2322 „per

182 2331 334 2412 species⁰
350 2330 518 2394 scribendi
531 2338 680 2396 secutum
692 2349 766 2394 esse
781 2329 924 2408 confido,
938 2330 971 2393 id
985 2330 1074 2412 quod
1085 2328 1168 2393 infra
1184 2329 1229 2410 (p.
1243 2327 1286 2391 38
1300 2326 1365 2410 sq.)

182 2421 402 2502 comprobare
430 2421 609 2485 lectoribus
636 2421 794 2484 conabor.
830 2419 963 2483 Amissa
983 2417 1188 2499 praelatione
1212 2417 1365 2482 Caesaris

182 2516 273 2574 certo
310 2511 411 2575 modo
448 2511 616 2575 diiudicari
651 2527 718 2573 non
751 2513 877 2588 potest,
913 2507 990 2589 quid
1031 2507 1248 2571 antecesserit
1282 2507 1367 2589 parti

134 2660 137 2665 .
183 2617 269 2682 quae
304 2605 447 2664 aetatem
482 2599 569 2679 tulit3
605 2602 779 2680 praeterea
813 2595 874 2658 has
910 2598 1040 2677 species
1076 2615 1118 2662 ex
1146 2597 1366 2677 dispositione

182 2688 336 2755 Caesaris
361 2689 432 2772 (cir.
457 2711 488 2772 p.
506 2689 549 2752 22
567 2689 630 2770 sq.)
655 2691 767 2769 aperte
792 2685 950 2750 eruimus:

293 2780 328 2842 1⁰
350 2781 422 2842 nito
444 2785 521 2842 onte
539 2779 757 2862 minciputoo
780 2774 932 2855 initium,

292 2869 329 2932 2⁰
351 2871 590 2953 magistratus,
614 2867 761 2948 bonores,

291 2958 328 3022 3⁰
351 2978 404 3022 reo
427 2959 517 3022 domi
539 2957 675 3041 bellique
695 2963 817 3042 gestae,

290 3048 329 3110 4⁰
352 3067 472 3130 corpus
495 3049 628 3111 babitus
651 3054 708 3112 etc.
732 3065 849 3124 mores,

291 3137 330 3200 5⁰
352 3137 467 3201 studio
490 3136 615 3217 ciuilia,

291 3227 329 3291 6⁰
351 3228 467 3290 modia
489 3225 615 3301 bellico,

293 3317 328 3380 7⁰
350 3318 501 3396 virtutes,

293 3407 329 3471 8⁰
351 3408 446 3486 vitia,

292 3497 328 3560 9⁰
352 3497 538 3560 coniuratio
561 3532 605 3542 —
628 3513 726 3557 mors.

292 3584 406 3668 Neque
417 3585 571 3666 inpaucis
580 3582 866 3648 rebusCaesarem
877 3581 1104 3662 cumAugusto
1114 3581 1211 3662 plane
1223 3598 1368 3646 eonsen-

184 3677 261 3753 tirc,
286 3675 483 3755 praesertim
507 3693 581 3738 cum
605 3673 751 3737 ultimam
775 3674 816 3737 de
840 3673 907 3736 vita
930 3671 1086 3736 interiore
1110 3676 1239 3753 partem
1262 3671 1367 3751 respi-

187 3766 327 3843 ciamus,
349 3763 434 3828 inlra
451 3762 730 3828 demonstrabitur
743 3761 789 3847 (p.
801 3761 844 3826 38
855 3763 928 3844 sq).
952 3760 1161 3842 Quapropter
1172 3761 1239 3824 iam
1251 3759 1366 3824 Divum

184 3855 298 3919 lulium
319 3872 379 3934 per
399 3854 528 3935 species
547 3852 741 3934 dispositum
766 3869 842 3917 esse
866 3868 1061 3934 persuasum
1076 3850 1248 3915 habemus.
1274 3849 1366 3929 Quae

186 3963 261 4008 cum
284 3944 329 4006 ita
353 3945 431 4022 sint,
457 3949 546 4008 certe
563 3942 765 4024 Tranquillus
783 3941 930 4008 Caesare
952 3941 1000 4003 sic
1026 3938 1177 4005 conlecto
1202 3940 1244 4004 ad
1267 3939 1368 4003 ratio-

187 4052 262 4098 nem
287 4051 383 4097 suam
407 4033 624 4098 excolendam
648 4033 714 4096 iam
738 4050 806 4097 non
829 4031 917 4112 eguit
940 4031 1154 4094 Monumento
1176 4029 1367 4113 Ancyrano.

185 4193 330 4248 consentit
347 4193 392 4246 his
412 4192 441 4246 in
460 4193 559 4260 rebus,
578 4196 676 4248 tamen
689 4207 748 4246 non
762 4191 829 4246 dicit
849 4194 897 4245 aut
910 4189 1071 4259 suspicatur
1086 4188 1253 4243 Suetonium
1272 4187 1368 4256 dispo-

185 4264 320 4319 sitionem
339 4265 515 4320 Monumenti
539 4267 669 4319 secutum
692 4279 766 4319 esse.
799 4263 916 4316 Errasse
940 4261 1035 4330 potius
1054 4261 1221 4329 scriptorem
1240 4261 1270 4314 in
1289 4257 1369 4314 adhi-

186 4336 280 4392 bendo
300 4336 348 4391 illo
368 4336 463 4392 indice
481 4351 695 4405 nonnumquam
714 4334 853 4404 probavit.

296 4409 321 4478 1)
340 4407 394 4464 Cir.
414 4409 486 4464 inira
504 4425 530 4478 p.
546 4407 580 4462 13
599 4424 659 4477 sqq.
