3124 4976
310 1329 450 1429 Nullum
486 1362 555 1427 lere
591 1363 773 1427 litterarum
809 1381 911 1444 genus
942 1369 1006 1442 est,
1043 1364 1074 1427 in
1105 1382 1168 1446 quo
1200 1363 1386 1430 excolendo

200 1455 345 1519 Romani
372 1452 575 1535 reipublicae
604 1453 811 1534 temporibus
840 1453 945 1534 magis
974 1453 1025 1516 sui
1053 1453 1175 1518 similes
1200 1454 1387 1518 exstiterint

201 1560 303 1626 quarn
335 1543 484 1606 historia.
524 1541 560 1605 ln
585 1561 651 1624 qua
674 1543 774 1606 etiam
798 1543 840 1606 ad
863 1543 1006 1606 vitarum
1040 1544 1186 1609 virorum
1213 1543 1385 1608 illustrium

203 1633 399 1698 memoriam
417 1631 693 1696 conscribendam
703 1635 726 1714 ¹)
749 1631 1015 1714 frequentissima
1038 1633 1149 1698 studia
1166 1633 1284 1698 collata
1309 1651 1384 1698 esse

201 1721 380 1786 manifesto
393 1723 621 1787 demonstrant
630 1723 818 1786 testimonia
828 1739 889 1803 per
902 1740 1035 1787 omnem
1047 1722 1384 1788 historiaeRomanae

199 1812 456 1894 perpetuitatem
469 1812 689 1893 conspicua2).
715 1810 771 1876 Sin
784 1818 894 1881 autem
911 1811 1139 1894 biographiam
1156 1815 1385 1878 Romanorum

200 1920 278 1966 curn
296 1902 444 1967 eiusdem
461 1902 591 1982 generis
609 1901 764 1982 operibus
781 1899 917 1966 Graecis
934 1904 1252 1985 comparaverimus,
1275 1903 1384 1967 statim

201 1991 273 2056 illos
301 2009 380 2073 prae
409 1991 459 2055 his
487 1992 521 2055 id
549 2009 686 2055 curasse
715 1991 902 2073 apparebit,
939 1999 975 2055 ut
1002 1993 1147 2057 virorum
1176 1993 1383 2074 potissimum

203 2082 244 2146 de
257 2081 426 2162 republica
442 2080 731 2145 benemeritorum
743 2081 994 2164 factadictaque
1009 2083 1190 2146 memoriae
1203 2083 1384 2159 traderent,

205 2187 312 2252 neque
338 2188 474 2251 operam
500 2171 632 2235 dedisse
656 2171 720 2234 nisi
743 2172 875 2236 demum
899 2172 975 2236 inde
1001 2189 1022 2235 a
1048 2174 1154 2254 primo
1187 2190 1217 2237 a.
1248 2171 1323 2237 Chr.
1353 2191 1383 2236 n.

203 2259 356 2338 saeculo,
381 2265 416 2323 ut
440 2260 540 2324 etiam
564 2260 726 2325 clarorum
751 2261 785 2324 in
808 2261 989 2325 litterarum
1014 2261 1190 2344 disciplinis
1214 2262 1384 2326 hominum

203 2349 290 2413 vitas
322 2348 558 2414 describerent:
602 2349 673 2429 Qua
702 2351 743 2415 de
781 2369 883 2414 causa
915 2368 960 2414 ex
995 2351 1065 2415 aliis
1094 2351 1187 2434 quasi
1219 2350 1384 2416 radicibus

202 2445 280 2503 orta
304 2456 378 2504 esse
404 2439 631 2505 Romanorum
660 2446 758 2523 atque
783 2440 987 2505 Graecorum
1017 2440 1213 2522 biographia
1243 2441 1385 2506 dicenda

203 2533 265 2594 est.
299 2529 407 2612 Atque
437 2529 477 2593 de
506 2528 570 2592 hac
600 2529 724 2610 origine
753 2530 892 2612 primum
916 2531 1031 2612 paucis
1057 2530 1117 2595 erit
1142 2530 1383 2612 exponendum.

311 2617 403 2684 Inter
428 2636 564 2696 causas,
595 2618 711 2701 quibus
736 2619 891 2684 effectum
920 2621 1212 2701 esseopinamur,
1249 2625 1283 2684 nt
1308 2621 1385 2684 huic

203 2708 404 2773 litteraturae
430 2709 542 2790 generi
563 2709 743 2789 scriptores
758 2710 898 2774 Romani
914 2715 1042 2774 tantam
1059 2727 1195 2791 operam
1212 2717 1384 2788 navarent,

205 2797 269 2860 bae
297 2795 366 2861 fere
394 2798 585 2878 potissimae
610 2799 886 2882 gravissimaeque
915 2817 991 2862 esse
1015 2800 1208 2880 videntur.³)
1244 2801 1385 2864 Romani

204 2885 332 2949 scilicet
355 2886 389 2950 in
412 2887 480 2949 vita
503 2887 657 2952 universa
679 2888 757 2952 nihil
780 2907 847 2953 non
871 2889 913 2952 ad
938 2895 1048 2952 certas
1072 2889 1278 2969 publicorum
1303 2909 1384 2954 con-

204 2974 350 3039 siliorum
390 2976 537 3040 rationes
569 2994 730 3042 revocare
768 2977 960 3059 cupiebant;
995 2979 1106 3062 itaque
1141 2979 1175 3044 in
1211 2979 1385 3044 scribenda

205 3083 335 3149 quoque
359 3065 498 3130 historia
525 3084 604 3146 prae
630 3067 750 3132 ceteris
774 3069 817 3132 ad
846 3067 1021 3148 legentium
1045 3087 1158 3133 mores
1187 3068 1384 3150 spectabant

201 3155 272 3219 sive
290 3155 367 3238 quid
382 3156 456 3237 ipsa
471 3156 611 3221 lectione
627 3157 662 3220 in
679 3158 794 3221 animis
811 3176 927 3222 eorum
946 3156 1141 3223 efficeretur.
1179 3158 1387 3240 Quapropter

202 3250 337 3326 praeter
363 3263 417 3309 res
445 3251 557 3326 gestas
585 3264 717 3327 semper
745 3246 923 3312 studebant
950 3253 986 3311 nt
1015 3265 1113 3330 quam
1140 3248 1285 3312 maxima
1312 3249 1385 3330 ipsa

201 3352 349 3415 persona
383 3336 511 3415 agentis
547 3335 707 3414 eluceret,
745 3337 1029 3421 anquirebantque
1058 3356 1186 3402 morum
1220 3338 1384 3420 exempla3

200 3424 327 3488 etenim
340 3424 480 3488 historia
495 3425 656 3490 Romanis
673 3427 927 3491 instrumentum
944 3433 1025 3504 erat,
1043 3445 1107 3510 quo
1125 3428 1167 3492 ad
1182 3428 1386 3493 iuventutern

313 3637 339 3704 1)
357 3635 397 3691 De
421 3641 481 3692 arte
505 3637 690 3707 biographica
717 3639 884 3708 populorum
908 3637 1088 3708 antiquorum
1116 3638 1269 3708 disputavit
1292 3641 1385 3694 Wolrb

202 3705 234 3760 in
249 3709 502 3775 commentatione,
519 3723 602 3778 quarn
617 3710 765 3779 Agricolae
781 3710 897 3765 Taciteo
909 3711 1056 3780 praemisit
1074 3710 1150 3774 [edit.
1165 3711 1290 3765 Berolini
1305 3710 1386 3780 1828)

202 3777 285 3832 titulo
304 3777 453 3849 inscripto:
474 3781 558 3838 ‘iiber
578 3780 622 3838 die
641 3781 804 3836 Kunstiorm
824 3781 874 3836 der
893 3781 1009 3837 antiken
1022 3782 1209 3852 biographie'.
1228 3782 1279 3836 Ubi
1299 3783 1384 3839 etiam

200 3849 292 3904 verba
309 3850 376 3905 lacit
395 3851 430 3907 de
450 3852 616 3908 diversitate
629 3853 762 3924 antiquae
781 3869 929 3923 novaeque
945 3854 1034 3921 vitae,
1054 3870 1118 3908 curn
1132 3856 1244 3909 veteres
1264 3855 1384 3924 populos

203 3920 275 3976 alias
299 3921 329 3976 in
351 3922 429 3977 bona
451 3923 617 3994 biographia
641 3925 791 3994 qualitates
815 3925 999 3994 requisivisse
1024 3928 1129 3980 certum
1154 3925 1190 3980 sit
1217 3929 1300 3996 atque
1320 3941 1383 3984 nos

198 3991 233 4047 ln
256 3992 319 4063 ipsa
338 3998 433 4049 autern
452 4011 557 4065 genera
574 3995 916 4066 vitarum-panegyricam
934 3997 981 4050 vel
999 3996 1137 4052 famosam
1157 3996 1220 4052 dico
1240 3997 1384 4067 vitamque

202 4080 275 4134 quae
304 4065 366 4120 sine
396 4066 439 4121 ira
467 4082 500 4121 ac
529 4067 623 4122 studio
649 4068 808 4138 composita
831 4072 875 4122 est
895 4099 937 4135 —,
957 4072 1057 4123 auctor
1074 4069 1121 4124 ille
1146 4067 1306 4138 diligentius
1326 4083 1384 4124 nou

200 4135 355 4206 inquisivit.
382 4137 472 4193 Nemo
493 4138 546 4193 erit
569 4140 617 4209 qui
640 4140 761 4207 dubitet,
785 4140 852 4209 quin
875 4140 931 4195 hoc
954 4143 1064 4195 tantum
1087 4156 1175 4210 genus
1199 4156 1285 4195 verae
1308 4141 1385 4196 vitae

198 4207 326 4278 speciem
346 4225 413 4278 prae
434 4226 466 4264 se
485 4210 565 4265 ferat.

201 4349 273 4406 1840
309 4279 388 4406 2)3L.
405 4283 504 4348 Wr'ese,
529 4287 681 4339 comment.
705 4283 740 4338 de
764 4283 885 4338 vitarum
909 4283 1094 4353 scriptoribus
1117 4282 1262 4338 Romanis.
1291 4283 1385 4338 Berol.

308 4424 335 4492 3)
355 4423 409 4482 Cir.
428 4427 526 4490 Wiese,
546 4426 564 4484 l.
583 4425 601 4479 l.
621 4443 647 4496 p.
661 4425 740 4480 4-8,
