3124 4976
747 325 788 390 13

284 542 432 625 Denique
450 560 548 625 quam
565 542 701 623 exiguae
727 541 793 605 sint
808 541 1036 606 similitudines
1053 542 1227 623 utriusque
1246 540 1361 622 scripti

177 652 219 698 ex
235 633 488 715 dispositionum
504 631 618 695 tabula
634 632 683 714 (a)
707 631 741 695 in
756 649 830 712 pag.
850 632 901 710 10,
927 632 1056 712 prolata
1078 631 1222 712 perspici
1239 633 1359 712 potest.

175 722 296 787 Nissen
319 723 390 804 ipse
408 723 453 804 (p.
471 720 547 798 491,
565 720 646 802 498)
669 721 733 785 hac
756 721 789 784 in
813 739 849 786 re
873 721 1047 786 nobiscum
1072 721 1253 800 consentit;
1279 737 1358 783 nam
1412 737 1416 741 ·

175 814 209 877 in
233 813 279 890 5⁰,
297 811 344 890 6⁰,
368 812 511 876 truitae
537 809 761 875 Suetonianae
785 815 878 892 parte
903 812 955 875 vel
978 811 1065 876 nulla
1088 811 1140 876 vel
1162 811 1359 892 parcissima

176 902 273 967 nobis
309 901 452 966 occurrit
484 901 697 980 congruentia
730 919 805 964 cum
833 900 1064 979 Monument0,
1099 901 1168 964 aliis
1200 900 1284 964 locis
1317 918 1358 964 ex

177 991 315 1055 diversis
340 991 410 1054 eius
434 990 582 1072 partibus
606 989 677 1068 (cfr.
703 990 862 1071 imprimis
886 991 1022 1072 Augusti
1045 991 1091 1068 2⁰,
1105 991 1156 1074 4⁰)
1182 991 1262 1054 satis
1285 990 1358 1054 arti-

177 1079 290 1145 ficiose
314 1079 441 1161 fingitur
464 1085 564 1161 atque
589 1080 799 1144 construitur.

283 1169 365 1248 Iam,
394 1189 437 1234 ne
466 1167 565 1232 latius
595 1188 615 1232 a
642 1169 696 1233 ria
730 1174 847 1234 nostra
880 1170 1017 1251 digressi
1050 1170 1162 1248 simus,
1192 1169 1358 1234 timemus

176 1257 247 1324 Nec
270 1258 422 1340 proiecto
447 1259 480 1322 in
506 1257 659 1324 Caesaris
683 1259 750 1322 vita
774 1259 1022 1324 subsistendum
1046 1264 1107 1323 est.

282 1349 382 1413 lmmo
414 1365 495 1412 vero
531 1348 741 1413 inveniuntur
773 1349 859 1413 adeo
894 1349 1023 1430 species
1051 1349 1123 1414 illae
1155 1349 1254 1413 etiam
1279 1353 1358 1412 ante

176 1437 369 1504 Suetonium
399 1437 620 1521 Tranquillum
655 1437 818 1502 adhibitae
854 1456 927 1502 cum
960 1439 993 1502 in
1029 1439 1147 1504 ceteris
1178 1439 1357 1502 litterarum

176 1527 352 1608 generibus
368 1527 393 1609 ¹)
418 1532 488 1591 tum
516 1528 549 1591 in
576 1527 791 1608 biographiae
820 1528 1045 1593 monumentis
1074 1534 1107 1592 et
1131 1530 1357 1593 Romanorum

177 1623 210 1681 et
235 1615 448 1682 Graecorum.
484 1615 559 1682 Non
583 1617 746 1681 absonum
773 1617 850 1681 huic
877 1619 952 1682 loco
978 1619 1039 1681 erit
1067 1636 1175 1701 neque
1199 1618 1292 1700 parvi
1314 1617 1358 1680 ad

177 1706 378 1770 sententiam
413 1712 564 1770 nostram
601 1707 640 1772 de
672 1705 832 1772 Suetonio
861 1708 1026 1789 prolatam
1060 1705 1180 1772 reseret
1204 1725 1359 1788 compro-

174 1795 319 1860 bandam
348 1801 382 1860 et
408 1795 621 1874 fulciendam,
659 1797 686 1861 si
724 1797 849 1879 scripta
881 1797 1096 1879 biographica
1128 1798 1355 1862 Romanorum

173 1890 250 1949 ante
270 1886 491 1968 Tranquillum
513 1887 700 1967 composita
720 1887 949 1968 perquirimus.
986 1887 1089 1951 Valde
1105 1894 1215 1951 autem
1241 1886 1358 1950 dolen-

175 1975 251 2039 dum
287 1981 353 2053 est,
395 1976 483 2058 quod
516 1974 661 2040 Cornelii
692 1975 831 2058 Nepotis
866 1977 1007 2060 reliquiis
1048 1977 1172 2058 exiguis
1207 1977 1356 2058 exceptis

174 2064 253 2128 nibil
276 2065 344 2130 lere
368 2066 471 2130 totius
495 2065 590 2129 huius
614 2065 796 2131 litterarum
820 2067 949 2148 generis
974 2071 1120 2132 aetatem
1144 2066 1229 2144 tulit,
1254 2067 1298 2129 ita
1321 2073 1355 2129 ut

176 2171 218 2216 ex
240 2154 446 2233 paucissimis
462 2153 521 2218 illis
538 2161 670 2237 tamque
695 2156 839 2221 disiectis
856 2156 1012 2222 membris
1036 2157 1211 2238 imaginem
1230 2162 1355 2220 certam

177 2259 313 2322 operum
352 2241 451 2306 nobis
487 2243 673 2325 confingere
708 2246 761 2310 vix
795 2246 901 2310 liceat.
957 2247 1042 2312 Nihil
1077 2251 1188 2310 autem
1224 2245 1287 2310 hac
1322 2246 1355 2308 in

175 2331 369 2414 quaestione
416 2330 530 2410 refert,
576 2339 684 2398 utrum
729 2335 865 2416 Nepotis
917 2337 957 2400 sit
999 2336 1084 2400 liber
1126 2337 1182 2399 ‘de
1217 2335 1356 2399 ducibus

172 2426 362 2485 exterarum
390 2420 549 2502 gentium’
584 2429 647 2488 etc.
676 2426 851 2506 inscriptus
882 2444 924 2490 an
958 2426 1040 2489 alius
1074 2425 1246 2490 cuiusdam
1273 2425 1356 2489 illius

172 2511 290 2574 aetatis
316 2511 496 2592 scriptoris
534 2512 695 2595 Equidem
719 2516 893 2598 plerosque
920 2521 1053 2580 secutus
1077 2515 1167 2580 viros
1192 2515 1356 2597 doctosss),

170 2598 334 2682 Nepotem
370 2618 445 2666 esse
482 2608 656 2667 auctorem
692 2605 809 2689 opinor
842 2623 951 2687 neque
988 2605 1187 2688 Ungerum³)
1223 2605 1356 2687 quidem

171 2690 410 2771 comprobasse
435 2692 577 2757 arbitror
601 2692 761 2777 Hyginum
785 2693 904 2758 librum
928 2695 1015 2760 illum
1041 2695 1279 2776 composuisse.

281 2779 456 2858 Quomodo
482 2779 625 2846 Santra
649 2788 747 2865 atque
772 2785 896 2849 Varro
922 2803 1027 2867 opera
1050 2803 1112 2849 sua
1128 2785 1355 2866 biographica,

173 2865 213 2931 de
239 2867 354 2949 quibus
378 2869 634 2956 Hieronymum)
658 2873 815 2955 loquitur,
846 2875 1084 2957 disposuerint,
1107 2879 1246 2956 propter
1269 2874 1357 2955 frag-

173 2963 357 3022 mentorum
394 2959 606 3038 exiguitatem
640 2963 802 3028 incertum
838 2969 898 3028 est.
943 2964 990 3028 De
1026 2964 1130 3027 altero
1165 2963 1290 3027 Ritschl
1322 2964 1355 3026 in

172 3047 319 3126 opuscul.
334 3052 355 3110 t.
369 3047 420 3112 III.
434 3068 465 3130 p.
479 3049 545 3114 436
559 3070 641 3133 sqq,
653 3051 719 3116 452
733 3072 816 3136 sqq,
830 3053 896 3117 508
911 3072 981 3137 sqq.
994 3070 1193 3136 quamquam
1206 3053 1354 3133 perbene

171 3135 360 3217 disputavit,
390 3139 468 3202 nibil
491 3143 604 3204 tamen
629 3159 671 3204 ex
697 3143 897 3207 doctissimis
923 3144 992 3207 eius
1018 3142 1354 3207 commentationibus

171 3224 211 3289 de
241 3225 510 3307 dispositionibus
541 3229 649 3294 afferri
678 3237 804 3312 potest,
828 3233 890 3296 nisi
918 3251 1003 3314 quae
1033 3233 1065 3295 in
1093 3250 1167 3313 pag.
1197 3232 1274 3296 454.
1300 3233 1353 3296 ‘de

169 3314 288 3395 poetis’
314 3317 450 3397 protulit
472 3318 591 3383 verba:
618 3319 713 3404 „Wie
738 3322 865 3401 gelehrt
888 3323 955 3384 und
980 3320 1176 3386 ausliihrlich
1203 3322 1255 3385 die
1272 3321 1355 3385 Dar-

169 3404 309 3484 stellung
344 3407 416 3470 sein
451 3408 602 3486 mocbte,
631 3410 714 3474 liisst
741 3411 812 3474 sich
841 3429 883 3474 an
917 3411 973 3474 der
1009 3410 1252 3476 Suetonischen
1280 3411 1354 3476 Vita

171 3493 315 3558 Terentii
344 3495 547 3578 abnehmen,
577 3517 674 3563 wenn
702 3501 794 3564 diese
819 3500 974 3582 (parerga
997 3521 1028 3582 p.
1054 3499 1135 3585 622)
1158 3501 1209 3564 ihr
1234 3501 1354 3565 Bestes

170 3758 175 3770 .
263 3689 304 3771 ,1)
321 3691 448 3773 Exempli
476 3695 566 3764 gratia
593 3695 717 3751 lectores
747 3697 782 3752 de
810 3696 963 3752 Annalium
992 3713 1046 3751 usu
1074 3697 1273 3764 admonemus,
1303 3697 1352 3752 ubi

167 3759 318 3843 1Nustrrum
333 3777 456 3818 virorum
473 3782 560 3832 mors,
574 3767 702 3837 prodigia
712 3771 764 3825 etc.
779 3769 809 3822 in
827 3769 883 3824 fine
898 3785 1011 3839 semper
1025 3770 1111 3824 totius
1127 3768 1194 3824 anni
1208 3772 1354 3838 ponuntur

166 3831 214 3896 (ad
232 3831 339 3893 L1v.ll.
355 3834 405 3901 33,
417 3835 449 3888 11
465 3835 680 3908 Weissenborn,
700 3841 795 3894 multis
815 3841 877 3896 aliis
897 3841 969 3896 loeis
985 3841 1032 3896 cfr.
1044 3842 1154 3911 Nissen,
1169 3840 1289 3910 Quellen
1303 3841 1355 3896 der

167 3903 210 3958 tv.
230 3919 257 3960 u.
277 3905 307 3959 V.
326 3905 440 3961 Decede
461 3907 512 3962 des
531 3907 627 3964 Livius
646 3928 671 3980 p,
686 3910 739 3980 88).

274 3976 301 4045 2)
319 3977 458 4047 Imprimis
487 3980 659 4052 Nipperdey,
690 3983 762 4037 edid.
791 3983 860 4052 Nep.
884 4002 910 4053 p.
930 3985 1037 4040 XXXV.
1057 4000 1118 4053 sqq.
1138 3982 1218 4041 1849.
1239 4015 1273 4024 -
1294 3983 1352 4040 Cir.

169 4047 197 4102 0.
218 4048 250 4102 L.
269 4049 348 4114 Roth,
369 4051 443 4106 edid.
462 4051 563 4122 Nepot.
583 4053 668 4112 Basil.
690 4055 758 4108 1841
780 4070 844 4110 cum
859 4057 1014 4126 prolegom.
1027 4055 1138 4110 Rinekii
1158 4072 1184 4124 p.
1198 4054 1350 4110 l-CLXll.

164 4119 197 4200 β.
216 4120 331 4189 Lupus:
349 4121 388 4176 JJ.
409 4123 552 4190 125,319.
579 4126 614 4178 A.
635 4127 735 4197 Meyr:
758 4127 871 4182 Stimmt
895 4128 945 4182 der
964 4126 1034 4182 Cato
1058 4127 1117 4181 und
1135 4127 1190 4180 Att.
1211 4127 1262 4182 des
1280 4127 1351 4196 Nep.

164 4207 195 4246 1n
215 4191 276 4261 Spr.
297 4209 325 4248 u.
347 4193 400 4248 Stil
418 4195 469 4249 mit
488 4195 545 4251 den
563 4197 639 4252 vitae
660 4198 762 4253 ducum
782 4199 920 4254 iiberein?
940 4197 1003 4254 Cilli
1023 4199 1101 4253 1883.

272 4265 299 4333 3)
318 4264 474 4336 Abhdlung.
495 4267 520 4322 d.
540 4268 609 4323 bair.
629 4270 716 4324 Akad.
736 4271 805 4326 XVI.
825 4271 850 4325 1.
870 4287 896 4340 p.
914 4271 964 4326 121
985 4288 1044 4340 sqq.

271 4336 299 4405 4)
317 4336 428 4407 Proleg.
449 4339 486 4394 ad
505 4339 600 4396 Dextr.
624 4341 654 4395 in
672 4341 736 4396 libr.
755 4343 781 4400 d.
801 4343 851 4396 vir.
876 4343 915 4396 111.
939 4344 981 4398 llI.
1007 4361 1033 4413 p.
1052 4341 1104 4396 821
1123 4343 1193 4396 Vall.
1213 4373 1249 4382 —
1269 4343 1351 4411 epist.

166 4401 200 4456 47
221 4406 256 4460 ad
274 4407 414 4477 Desider.;
434 4427 477 4480 ep.
498 4411 552 4464 112
572 4413 607 4468 ad
627 4413 785 4483 Augustin.;
805 4415 892 4483 praef.
913 4415 942 4470 in
962 4417 1059 4470 chron.
1079 4414 1145 4469 Vlll.
