3124 4976
748 329 791 392 54

289 543 374 608 Nihil
399 553 510 608 autem
533 544 647 622 refert,
673 551 779 608 utrum
804 544 983 608 nonnullae
1000 562 1052 607 res
1074 548 1266 625 repetantur
1288 544 1301 624 t
1323 542 1360 606 fr.

183 653 234 698 ex.
260 653 304 714 gr.
330 636 427 699 Hadr.
458 636 545 699 vitae
571 654 599 700 c.
622 634 816 716 lV—-XXV)
846 652 889 697 an
918 634 981 697 alio
1011 633 1112 698 modo
1141 635 1257 698 iterum
1286 651 1364 696 nar-

183 731 305 789 rentur.
341 722 426 788 Nam
450 725 610 788 eiusmodi
626 725 703 787 vitia
720 725 820 788 etiam
840 724 927 804 apud
946 722 1141 789 Suetonium
1166 723 1363 788 invenimus,

290 813 503 879 Concluditur
527 821 560 878 et
585 813 795 895 Spartianum
821 813 970 878 Suetonii
997 814 1195 877 imitatorem
1225 831 1299 876 esse
1330 817 1366 876 et

182 903 266 966 vitas
279 904 345 967 lroc
358 905 434 968 loeo
447 904 595 985 prolatas
609 923 753 967 summas
767 905 851 967 inter
864 922 899 966 se
913 903 1074 985 praebere
1088 902 1314 966 similitudines
1324 902 1360 985 ¹).

752 1045 791 1114 4.

452 1182 454 1186 ⁸
550 1192 666 1256 lulius
692 1192 941 1274 Capitolinus
957 1193 993 1274 2).

290 1335 364 1398 Mon
389 1336 495 1398 minus
520 1337 553 1398 in
577 1335 762 1417 Capitolino
799 1356 896 1419 quam
921 1337 952 1400 in
978 1335 1155 1417 Spartiano
1184 1335 1245 1398 viri
1274 1335 1364 1399 docti

184 1427 223 1489 de
259 1426 332 1488 vitis
370 1426 580 1503 dissentiunt,
618 1445 701 1509 quae
732 1428 762 1490 ei
792 1427 1032 1490 adscribendae
1062 1425 1127 1488 sint
1149 1423 1220 1504 (elr.
1245 1445 1276 1506 p.
1295 1425 1363 1507 63).
1450 1501 1451 1506 ¹

183 1515 335 1579 Unanimi
371 1521 480 1578 autem
513 1516 612 1579 variis
643 1534 683 1580 ex
718 1518 826 1580 causis
863 1517 1043 1580 attribuunt
1068 1515 1251 1597 Capitolino
1276 1515 1360 1579 vitas

183 1605 432 1669 Maximinorum
458 1603 699 1669 Gordianorum
723 1605 855 1669 Maximi
883 1611 916 1670 et
939 1605 1076 1669 Balbini.
1116 1604 1255 1670 Praeter
1279 1623 1364 1686 quas

184 1695 267 1758 aliae
294 1694 335 1757 ab
361 1694 430 1757 aliis
455 1695 525 1758 eius
551 1713 626 1759 esse
653 1696 812 1760 dicuntur.
848 1695 917 1760 Nos
943 1696 1083 1758 eandem
1108 1701 1204 1777 atque
1228 1696 1260 1758 in
1284 1713 1361 1775 pro-

184 1785 272 1847 ximo
298 1785 460 1866 scriptore
485 1785 570 1848 viam
595 1784 826 1866 ingrediamur.

291 1873 493 1954 Capitolinus
532 1877 602 1957 ipse
643 1895 738 1938 suum
776 1875 871 1956 plane
909 1875 1015 1955 aperit
1055 1873 1227 1938 eonsilium
1243 1874 1279 1954 3).
1326 1873 1362 1937 lu

183 1963 365 2026 Maximinis
391 1965 433 2046 (e.
459 1964 479 2030 l.
508 1967 526 2041 ξ
547 1965 646 2045 1-4)
678 1966 754 2028 dicit
783 1983 819 2028 se
844 1965 1029 2046 complures
1053 1964 1271 2045 imperatores
1294 1980 1361 2026 uno

184 2053 349 2116 volumine
376 2054 621 2134 complexurum
646 2073 736 2133 esse,
761 2073 862 2136 porro
886 2055 918 2116 in
943 2052 1116 2118 Gordianis
1140 2053 1235 2134 primi
1260 2072 1287 2116 c.
1312 2052 1362 2130 lll,

184 2146 203 2222 ξ
224 2145 239 2204 1
265 2142 367 2206 verba
391 2141 469 2206 facit
493 2143 591 2207 haec:
616 2144 674 2207 sed
692 2147 893 2227 priusquam
914 2145 954 2208 dc
977 2145 1118 2227 imperio
1136 2142 1211 2206 'eius
1235 2143 1365 2226 loquer,

182 2233 294 2296 dicum
324 2252 439 2315 peuce
473 2235 513 2297 de
548 2235 693 2298 moribus
712 2271 757 2280 -
778 2235 961 2316 eademque
990 2233 1022 2297 in
1050 2233 1181 2297 Maxim.
1212 2238 1245 2295 et
1268 2232 1360 2296 Balb.

184 2340 212 2384 c.
229 2322 281 2399 lV,
307 2321 364 2402 §5
388 2324 521 2404 repetit;
550 2330 617 2387 tum
643 2325 761 2389 eodem
789 2325 864 2388 loeo
898 2325 1001 2388 addit:
1030 2343 1095 2386 non
1118 2343 1160 2393 ,eo
1183 2323 1278 2386 modo
1301 2343 1366 2406 que

184 2413 259 2474 [um.
286 2410 413 2475 Cordus
441 2419 490 2476 est
519 2421 715 2496 persecatus
748 2416 876 2494 omniu,
911 2415 968 2477 sed
1000 2413 1058 2476 illo
1093 2400 1154 2496 q'uo
1184 2412 1366 2476 Suetonius

187 2501 403 2583 Tranquillus
421 2552 427 2564 .
443 2549 470 2565 ..
495 2502 671 2566 historiam
689 2506 899 2588 perscripsit.

293 2590 415 2670 Quibus
440 2610 481 2655 ex
507 2593 674 2654 sententiis
691 2593 799 2656 elucet
823 2594 921 2656 etiam
938 2592 1155 2674 Capitolinum
1170 2592 1362 2659 Suetonium

185 2680 337 2744 consulto
375 2687 553 2759 sectatum;
589 2681 620 2744 id
654 2683 760 2762 ipsum
784 2700 864 2746 vero
893 2683 992 2746 etiam
1021 2701 1063 2746 ex
1091 2681 1361 2765 dispositionibus

184 2771 217 2833 in
234 2769 345 2832 tabula
372 2771 523 2851 proxima
546 2791 577 2852 p.
595 2769 638 2833 bb
663 2771 767 2835 allatis
795 2772 889 2836 facile
915 2772 956 2836 ab
983 2773 1135 2837 omnibus
1159 2772 1366 2851 intellegetur

185 2860 238 2941 qui
256 2877 330 2923 eam
348 2861 522 2925 consulere
540 2861 640 2924 velint
651 2863 690 2942 4).
725 2861 838 2945 Neque
856 2862 1070 2926 dubitandum
1087 2880 1161 2927 esse
1180 2862 1360 2942 opinamur,

185 2950 260 3030 quin
297 2951 495 3031 compositio
532 2950 565 3014 in
600 2952 674 3015 vitis
710 2952 829 3016 additis
865 2953 982 3016 eadem
1016 2953 1057 3016 sit
1080 2989 1124 2998 -
1147 2951 1198 3015 illa
1228 2950 1364 3028 scilicet,

184 3057 282 3120 quam
309 3041 378 3120 ipse
414 3040 496 3104 locis
529 3041 602 3104 latis
630 3041 810 3104 illustravit.
856 3043 890 3106 ln
916 3042 1067 3105 omnibus
1104 3041 1192 3105 enim
1217 3041 1366 3122 descrip-

182 3128 324 3192 tionibus
366 3131 562 3194 narrationis
603 3131 723 3194 seriem
761 3131 807 3193 ita
844 3131 1008 3208 instruxit,
1049 3136 1083 3194 ut
1122 3131 1206 3194 duae
1246 3135 1358 3211 partes

183 3219 394 3300 principales,
424 3238 507 3302 quae
537 3226 612 3282 sunt
640 3220 706 3282 vita
731 3226 807 3284 ante
838 3226 870 3283 et
894 3226 970 3301 post
994 3220 1211 3302 principatum
1236 3221 1362 3298 initum,

184 3309 441 3386 constituantur,
468 3326 604 3391 quarum
629 3308 734 3372 altera
757 3311 895 3390 primum
922 3311 961 3374 de
987 3311 1052 3374 vita
1075 3311 1205 3392 privata
1228 3311 1296 3375 sive
1322 3310 1364 3374 de

186 3398 343 3476 moribus,
369 3398 489 3462 deinde
515 3399 554 3462 de
580 3399 646 3461 vita
668 3398 797 3479 publica
815 3407 847 3463 et
864 3401 904 3464 de
922 3406 1027 3465 morte
1042 3402 1154 3482 agitur.
1183 3400 1361 3465 Praeterea

184 3487 336 3552 omnibus
361 3489 393 3550 in
417 3488 479 3552 fine
503 3488 727 3552 additamenta
751 3491 914 3572 (praedam
941 3491 1065 3554 inserta
1094 3497 1178 3556 sunt.
1219 3490 1361 3554 Eaedem

184 3584 292 3642 autern
318 3579 447 3658 speeies
471 3576 539 3641 fere
564 3596 695 3658 semper
719 3587 920 3661 repetuntur.

291 3666 433 3746 Quarum
469 3674 579 3731 autem
607 3668 745 3732 vitarum
782 3689 822 3733 ex
858 3676 971 3734 nostra
997 3671 1150 3751 opinione
1181 3675 1298 3734 auctor
1321 3669 1366 3732 sit

184 3755 386 3838 Capitolinus
410 3756 495 3820 infra
519 3764 702 3839 exponetur
727 3761 770 3841 (p.
788 3760 831 3822 62
845 3763 940 3842 sqq).
965 3753 968 3759 ’

291 3987 317 4044 ll
335 3987 446 4056 Rachel,
464 3988 481 4041 l.
502 3988 519 4044 l.
539 4005 564 4056 p.
578 3988 622 4055 49,
636 3987 683 4054 61;
713 3989 843 4056 Dirksen,
862 3990 878 4043 l.
898 3990 915 4044 l.
934 4007 959 4059 p.
976 3990 1041 4057 131;
1071 3991 1184 4059 Broeles,
1201 4008 1227 4061 p.
1241 3989 1361 4058 21-323

183 4059 230 4114 etr.
252 4057 349 4112 Carae.
371 4074 394 4114 e.
409 4059 474 4113 Vlll.
503 4059 641 4118 Pescenn.
661 4061 745 4130 Niger
764 4078 787 4114 c.
807 4063 826 4128 l,
847 4062 892 4115 lX.

288 4129 316 4197 2)
335 4130 447 4198 Teuffel,
467 4131 482 4200 ξ
501 4131 562 4198 397,
578 4131 608 4186 ’5.
1058 4193 1059 4197 Ἰ

289 4202 316 4268 3)
335 4201 388 4256 Cir.
408 4206 521 4272 praeter
538 4203 618 4258 locos
635 4205 736 4258 allatos
751 4204 835 4258 Gord.
850 4205 930 4272 Xllll,
944 4205 1014 4259 XXl.
1033 4205 1108 4260 Max.
1123 4205 1228 4274 XXVll,
1243 4208 1365 4273 XXVMl,

182 4273 278 4338 XXIX,
298 4273 393 4328 XXXl.
423 4275 495 4336 Max.
517 4279 544 4330 et
563 4277 641 4332 Balb.
662 4277 704 4331 Vl.

220 4415 256 4470 24
289 4346 315 4411 l)
333 4348 440 4411 Rachel,
460 4348 505 4400 l.l.
526 4365 551 4416 p.
565 4347 581 4400 2
596 4365 664 4417 sqq,
685 4349 727 4414 11,
748 4347 790 4414 12,
811 4347 854 4416 21,
874 4348 917 4415 at,
937 4349 981 4405 61.
1018 4349 1130 4416 Broclrs,
1149 4350 1166 4403 l.
1186 4351 1203 4403 l.
1224 4367 1249 4419 p.
1266 4350 1365 4419 1-21,
