<?xml version="1.0" encoding="UTF-8"?>
<!DOCTYPE html PUBLIC "-//W3C//DTD XHTML 1.0 Transitional//EN"
    "http://www.w3.org/TR/xhtml1/DTD/xhtml1-transitional.dtd">
<html xmlns="http://www.w3.org/1999/xhtml" xml:lang="en" lang="en">
 <head>
  <title>
</title>
<meta http-equiv="Content-Type" content="text/html;charset=utf-8" />
  <meta name='ocr-system' content='tesseract 3.04.00' />
  <meta name='ocr-capabilities' content='ocr_page ocr_carea ocr_par ocr_line ocrx_word'/>
</head>
<body>
  <div class='ocr_page' id='page_1' title='image "./deromanorumimpr00schmgoog_0055.png"; bbox 0 0 3124 4976; ppageno 0'>
   <div class='ocr_carea' id='block_1_1' title="bbox 756 344 801 408">
    <p class='ocr_par' dir='ltr' id='par_1_1' title="bbox 756 344 801 408">
     <span class='ocr_line' id='line_1_1' title="bbox 756 344 801 408; baseline 0 0"><span class='ocrx_word' id='word_1_1' title='bbox 756 344 801 408; x_wconf 80' lang='lat'>50</span> 
     </span>
    </p>
   </div>
   <div class='ocr_carea' id='block_1_2' title="bbox 188 560 1383 3155">
    <p class='ocr_par' dir='ltr' id='par_1_2' title="bbox 190 560 1370 913">
     <span class='ocr_line' id='line_1_2' title="bbox 192 560 1370 629; baseline 0.003 -3"><span class='ocrx_word' id='word_1_2' title='bbox 192 560 301 626; x_wconf 90' lang='lat' dir='ltr'>Cordo</span> <span class='ocrx_word' id='word_1_3' title='bbox 326 561 360 622; x_wconf 88' lang='lat' dir='ltr'>in</span> <span class='ocrx_word' id='word_1_4' title='bbox 384 579 493 624; x_wconf 91' lang='lat' dir='ltr'>rerum</span> <span class='ocrx_word' id='word_1_5' title='bbox 519 560 745 624; x_wconf 80' lang='lat' dir='ltr'>distributione</span> <span class='ocrx_word' id='word_1_6' title='bbox 776 569 978 626; x_wconf 90' lang='lat' dir='ltr'>commutata</span> <span class='ocrx_word' id='word_1_7' title='bbox 1007 571 1092 626; x_wconf 92' lang='lat' dir='ltr'>sunt.</span> <span class='ocrx_word' id='word_1_8' title='bbox 1132 565 1257 629; x_wconf 85' lang='lat' dir='ltr'>Primus</span> <span class='ocrx_word' id='word_1_9' title='bbox 1283 567 1370 629; x_wconf 86' lang='lat' dir='ltr'>enirn</span> 
     </span>
     <span class='ocr_line' id='line_1_3' title="bbox 192 650 1370 732; baseline 0.006 -20"><span class='ocrx_word' id='word_1_10' title='bbox 192 650 246 713; x_wconf 92' lang='lat' dir='ltr'>hic</span> <span class='ocrx_word' id='word_1_11' title='bbox 271 652 387 731; x_wconf 81' lang='lat' dir='ltr'>erat¹)‚</span> <span class='ocrx_word' id='word_1_12' title='bbox 418 651 471 732; x_wconf 90' lang='lat' dir='ltr'>qui</span> <span class='ocrx_word' id='word_1_13' title='bbox 496 669 563 714; x_wconf 92' lang='lat' dir='ltr'>non</span> <span class='ocrx_word' id='word_1_14' title='bbox 588 650 695 714; x_wconf 90' lang='lat' dir='ltr'>solum</span> <span class='ocrx_word' id='word_1_15' title='bbox 720 651 760 714; x_wconf 93' lang='lat' dir='ltr'>de</span> <span class='ocrx_word' id='word_1_16' title='bbox 784 651 1039 732; x_wconf 80' lang='lat' dir='ltr'>imperatoribus</span> <span class='ocrx_word' id='word_1_17' title='bbox 1064 656 1161 732; x_wconf 83' lang='lat' dir='ltr'>veris,</span> <span class='ocrx_word' id='word_1_18' title='bbox 1187 657 1370 720; x_wconf 87' lang='lat' dir='ltr'>sedetiam</span> 
     </span>
     <span class='ocr_line' id='line_1_4' title="bbox 192 739 1368 826; baseline 0.005 -23"><span class='ocrx_word' id='word_1_19' title='bbox 192 740 233 803; x_wconf 90' lang='lat' dir='ltr'>de</span> <span class='ocrx_word' id='word_1_20' title='bbox 258 739 457 804; x_wconf 82' lang='lat' dir='ltr'>Caesaribus</span> <span class='ocrx_word' id='word_1_21' title='bbox 483 745 516 804; x_wconf 88' lang='lat' dir='ltr'>ct</span> <span class='ocrx_word' id='word_1_22' title='bbox 544 739 792 821; x_wconf 87' lang='lat' dir='ltr'>usurpatoribus</span> <span class='ocrx_word' id='word_1_23' title='bbox 821 743 953 822; x_wconf 86' lang='lat' dir='ltr'>singulis</span> <span class='ocrx_word' id='word_1_24' title='bbox 978 744 1051 806; x_wconf 86' lang='lat' dir='ltr'>vitis</span> <span class='ocrx_word' id='word_1_25' title='bbox 1080 745 1246 826; x_wconf 82' lang='lat' dir='ltr'>exposuit,</span> <span class='ocrx_word' id='word_1_26' title='bbox 1278 748 1368 809; x_wconf 89' lang='lat' dir='ltr'>cuins</span> 
     </span>
     <span class='ocr_line' id='line_1_5' title="bbox 190 829 1077 913; baseline 0 -21"><span class='ocrx_word' id='word_1_27' title='bbox 190 831 292 894; x_wconf 89' lang='lat' dir='ltr'>moris</span> <span class='ocrx_word' id='word_1_28' title='bbox 317 833 522 894; x_wconf 88' lang='lat' dir='ltr'>inventorem</span> <span class='ocrx_word' id='word_1_29' title='bbox 546 830 632 893; x_wconf 89' lang='lat' dir='ltr'>illum</span> <span class='ocrx_word' id='word_1_30' title='bbox 656 829 755 894; x_wconf 86' lang='lat' dir='ltr'>fuisse</span> <span class='ocrx_word' id='word_1_31' title='bbox 781 832 956 896; x_wconf 87' lang='lat' dir='ltr'>verisimile</span> <span class='ocrx_word' id='word_1_32' title='bbox 982 835 1077 913; x_wconf 62' lang='lat' dir='ltr'>est&#39;J).</span> 
     </span>
    </p>

    <p class='ocr_par' dir='ltr' id='par_1_3' title="bbox 189 918 1371 1450">
     <span class='ocr_line' id='line_1_6' title="bbox 298 918 1368 1006; baseline 0.004 -23"><span class='ocrx_word' id='word_1_33' title='bbox 298 919 479 983; x_wconf 91' lang='lat' dir='ltr'>Praeterea</span> <span class='ocrx_word' id='word_1_34' title='bbox 503 937 545 983; x_wconf 86' lang='lat' dir='ltr'>ex</span> <span class='ocrx_word' id='word_1_35' title='bbox 568 918 760 1001; x_wconf 84' lang='lat' dir='ltr'>fragmentis</span> <span class='ocrx_word' id='word_1_36' title='bbox 785 939 869 1002; x_wconf 93' lang='lat' dir='ltr'>quae</span> <span class='ocrx_word' id='word_1_37' title='bbox 895 922 1090 986; x_wconf 86' lang='lat' dir='ltr'>exhibentur</span> <span class='ocrx_word' id='word_1_38' title='bbox 1113 923 1368 1006; x_wconf 90' lang='lat' dir='ltr'>insequentium</span> 
     </span>
     <span class='ocr_line' id='line_1_7' title="bbox 191 1009 1371 1095; baseline 0.006 -23"><span class='ocrx_word' id='word_1_39' title='bbox 191 1009 387 1090; x_wconf 86' lang='lat' dir='ltr'>scriptorum</span> <span class='ocrx_word' id='word_1_40' title='bbox 413 1009 568 1091; x_wconf 87' lang='lat' dir='ltr'>operibus</span> <span class='ocrx_word' id='word_1_41' title='bbox 599 1015 737 1091; x_wconf 89' lang='lat' dir='ltr'>apparet</span> <span class='ocrx_word' id='word_1_42' title='bbox 760 1009 903 1075; x_wconf 85' lang='lat' dir='ltr'>Cordum</span> <span class='ocrx_word' id='word_1_43' title='bbox 928 1013 1015 1077; x_wconf 90' lang='lat' dir='ltr'>haud</span> <span class='ocrx_word' id='word_1_44' title='bbox 1043 1030 1167 1093; x_wconf 88' lang='lat' dir='ltr'>paucas</span> <span class='ocrx_word' id='word_1_45' title='bbox 1197 1015 1324 1095; x_wconf 89' lang='lat' dir='ltr'>species</span> <span class='ocrx_word' id='word_1_46' title='bbox 1351 1033 1371 1078; x_wconf 87' lang='lat' dir='ltr'>a</span> 
     </span>
     <span class='ocr_line' id='line_1_8' title="bbox 191 1099 1370 1184; baseline 0.005 -22"><span class='ocrx_word' id='word_1_47' title='bbox 191 1099 275 1163; x_wconf 88' lang='lat' dir='ltr'>nullo</span> <span class='ocrx_word' id='word_1_48' title='bbox 305 1100 452 1180; x_wconf 89' lang='lat' dir='ltr'>priorum</span> <span class='ocrx_word' id='word_1_49' title='bbox 482 1099 645 1163; x_wconf 88' lang='lat' dir='ltr'>adhibitas</span> <span class='ocrx_word' id='word_1_50' title='bbox 674 1100 841 1164; x_wconf 90' lang='lat' dir='ltr'>invenisse</span> <span class='ocrx_word' id='word_1_51' title='bbox 869 1102 979 1184; x_wconf 90' lang='lat' dir='ltr'>itaque</span> <span class='ocrx_word' id='word_1_52' title='bbox 1010 1103 1132 1183; x_wconf 89' lang='lat' dir='ltr'>scripta</span> <span class='ocrx_word' id='word_1_53' title='bbox 1163 1103 1232 1166; x_wconf 88' lang='lat' dir='ltr'>eius</span> <span class='ocrx_word' id='word_1_54' title='bbox 1258 1122 1370 1168; x_wconf 90' lang='lat' dir='ltr'>rerum</span> 
     </span>
     <span class='ocr_line' id='line_1_9' title="bbox 191 1188 1368 1276; baseline 0.005 -24"><span class='ocrx_word' id='word_1_55' title='bbox 191 1190 288 1271; x_wconf 91' lang='lat' dir='ltr'>copia</span> <span class='ocrx_word' id='word_1_56' title='bbox 317 1207 336 1252; x_wconf 98' lang='lat' dir='ltr'>a</span> <span class='ocrx_word' id='word_1_57' title='bbox 367 1190 485 1254; x_wconf 89' lang='lat' dir='ltr'>ceteris</span> <span class='ocrx_word' id='word_1_58' title='bbox 512 1188 609 1254; x_wconf 91' lang='lat' dir='ltr'>valde</span> <span class='ocrx_word' id='word_1_59' title='bbox 638 1190 831 1254; x_wconf 84' lang='lat' dir='ltr'>recessisse.</span> <span class='ocrx_word' id='word_1_60' title='bbox 878 1190 977 1271; x_wconf 91' lang='lat' dir='ltr'>Nugis</span> <span class='ocrx_word' id='word_1_61' title='bbox 1001 1193 1087 1255; x_wconf 87' lang='lat' dir='ltr'>enim</span> <span class='ocrx_word' id='word_1_62' title='bbox 1115 1193 1368 1276; x_wconf 89' lang='lat' dir='ltr'>rumoribusque</span> 
     </span>
     <span class='ocr_line' id='line_1_10' title="bbox 189 1278 1369 1365; baseline 0.004 -22"><span class='ocrx_word' id='word_1_63' title='bbox 189 1278 396 1361; x_wconf 81' lang='lat' dir='ltr'>proterendis</span> <span class='ocrx_word' id='word_1_64' title='bbox 420 1297 498 1360; x_wconf 91' lang='lat' dir='ltr'>prae</span> <span class='ocrx_word' id='word_1_65' title='bbox 517 1280 636 1342; x_wconf 90' lang='lat' dir='ltr'>ceteris</span> <span class='ocrx_word' id='word_1_66' title='bbox 662 1298 798 1361; x_wconf 89' lang='lat' dir='ltr'>operam</span> <span class='ocrx_word' id='word_1_67' title='bbox 815 1281 975 1362; x_wconf 85' lang='lat' dir='ltr'>insignem</span> <span class='ocrx_word' id='word_1_68' title='bbox 992 1281 1135 1345; x_wconf 88' lang='lat' dir='ltr'>navabat</span> <span class='ocrx_word' id='word_1_69' title='bbox 1159 1289 1256 1365; x_wconf 91' lang='lat' dir='ltr'>atque</span> <span class='ocrx_word' id='word_1_70' title='bbox 1281 1284 1369 1348; x_wconf 89' lang='lat' dir='ltr'>idem</span> 
     </span>
     <span class='ocr_line' id='line_1_11' title="bbox 192 1369 1367 1450; baseline 0.004 -18"><span class='ocrx_word' id='word_1_71' title='bbox 192 1375 225 1432; x_wconf 89' lang='lat' dir='ltr'>et</span> <span class='ocrx_word' id='word_1_72' title='bbox 250 1370 403 1450; x_wconf 84' lang='lat' dir='ltr'>epistulas</span> <span class='ocrx_word' id='word_1_73' title='bbox 429 1375 461 1433; x_wconf 91' lang='lat' dir='ltr'>et</span> <span class='ocrx_word' id='word_1_74' title='bbox 486 1369 654 1432; x_wconf 89' lang='lat' dir='ltr'>orationes</span> <span class='ocrx_word' id='word_1_75' title='bbox 679 1370 856 1450; x_wconf 88' lang='lat' dir='ltr'>permultas</span> <span class='ocrx_word' id='word_1_76' title='bbox 881 1371 1059 1434; x_wconf 86' lang='lat' dir='ltr'>narrationi</span> <span class='ocrx_word' id='word_1_77' title='bbox 1084 1389 1163 1434; x_wconf 89' lang='lat' dir='ltr'>suae</span> <span class='ocrx_word' id='word_1_78' title='bbox 1188 1373 1367 1438; x_wconf 81' lang='lat' dir='ltr'>intexebat.</span> 
     </span>
    </p>

    <p class='ocr_par' dir='ltr' id='par_1_4' title="bbox 190 1458 1368 1632">
     <span class='ocr_line' id='line_1_12' title="bbox 299 1458 1368 1541; baseline 0.004 -19"><span class='ocrx_word' id='word_1_79' title='bbox 299 1458 474 1538; x_wconf 84' lang='lat' dir='ltr'>Quomodo</span> <span class='ocrx_word' id='word_1_80' title='bbox 490 1463 598 1521; x_wconf 85' lang='lat' dir='ltr'>autem</span> <span class='ocrx_word' id='word_1_81' title='bbox 617 1461 789 1522; x_wconf 85' lang='lat' dir='ltr'>materiam</span> <span class='ocrx_word' id='word_1_82' title='bbox 808 1461 1007 1541; x_wconf 87' lang='lat' dir='ltr'>disposuerit</span> <span class='ocrx_word' id='word_1_83' title='bbox 1023 1460 1162 1532; x_wconf 80' lang='lat' dir='ltr'>Cordus,</span> <span class='ocrx_word' id='word_1_84' title='bbox 1182 1464 1368 1526; x_wconf 77' lang='lat' dir='ltr'>accuratius</span> 
     </span>
     <span class='ocr_line' id='line_1_13' title="bbox 190 1546 1185 1632; baseline 0.004 -19"><span class='ocrx_word' id='word_1_85' title='bbox 190 1549 326 1631; x_wconf 89' lang='lat' dir='ltr'>disquiri</span> <span class='ocrx_word' id='word_1_86' title='bbox 350 1567 419 1612; x_wconf 90' lang='lat' dir='ltr'>non</span> <span class='ocrx_word' id='word_1_87' title='bbox 442 1554 561 1630; x_wconf 88' lang='lat' dir='ltr'>potest.</span> <span class='ocrx_word' id='word_1_88' title='bbox 587 1546 644 1611; x_wconf 91' lang='lat' dir='ltr'>Sat</span> <span class='ocrx_word' id='word_1_89' title='bbox 667 1548 763 1628; x_wconf 89' lang='lat' dir='ltr'>igitur</span> <span class='ocrx_word' id='word_1_90' title='bbox 788 1551 850 1614; x_wconf 90' lang='lat' dir='ltr'>sint</span> <span class='ocrx_word' id='word_1_91' title='bbox 874 1569 957 1632; x_wconf 91' lang='lat' dir='ltr'>quae</span> <span class='ocrx_word' id='word_1_92' title='bbox 983 1552 1185 1632; x_wconf 91' lang='lat' dir='ltr'>protulimus.</span> 
     </span>
    </p>

    <p class='ocr_par' dir='ltr' id='par_1_5' title="bbox 188 1636 1383 3155">
     <span class='ocr_line' id='line_1_14' title="bbox 298 1636 1369 1722; baseline 0.004 -21"><span class='ocrx_word' id='word_1_93' title='bbox 298 1639 364 1702; x_wconf 92' lang='lat' dir='ltr'>lam</span> <span class='ocrx_word' id='word_1_94' title='bbox 391 1656 470 1702; x_wconf 81' lang='lat' dir='ltr'>vero</span> <span class='ocrx_word' id='word_1_95' title='bbox 500 1639 542 1701; x_wconf 91' lang='lat' dir='ltr'>ad</span> <span class='ocrx_word' id='word_1_96' title='bbox 571 1636 779 1717; x_wconf 89' lang='lat' dir='ltr'>Spartianum</span> <span class='ocrx_word' id='word_1_97' title='bbox 803 1638 1019 1721; x_wconf 89' lang='lat' dir='ltr'>Capitolinum</span> <span class='ocrx_word' id='word_1_98' title='bbox 1046 1641 1265 1722; x_wconf 89' lang='lat' dir='ltr'>Lampridium</span> <span class='ocrx_word' id='word_1_99' title='bbox 1295 1642 1369 1708; x_wconf 87' lang='lat' dir='ltr'>Gal-</span> 
     </span>
     <span class='ocr_line' id='line_1_15' title="bbox 188 1727 1368 1812; baseline 0.003 -22"><span class='ocrx_word' id='word_1_100' title='bbox 188 1728 329 1792; x_wconf 88' lang='lat' dir='ltr'>licanum</span> <span class='ocrx_word' id='word_1_101' title='bbox 363 1727 546 1792; x_wconf 92' lang='lat' dir='ltr'>Pollionem</span> <span class='ocrx_word' id='word_1_102' title='bbox 579 1727 756 1808; x_wconf 90' lang='lat' dir='ltr'>Vopiscum</span> <span class='ocrx_word' id='word_1_103' title='bbox 800 1746 909 1792; x_wconf 90' lang='lat' dir='ltr'>sermo</span> <span class='ocrx_word' id='word_1_104' title='bbox 949 1730 1106 1809; x_wconf 90' lang='lat' dir='ltr'>procedit.</span> <span class='ocrx_word' id='word_1_105' title='bbox 1158 1731 1195 1794; x_wconf 85' lang='lat' dir='ltr'>Et</span> <span class='ocrx_word' id='word_1_106' title='bbox 1232 1733 1368 1812; x_wconf 90' lang='lat' dir='ltr'>primum</span> 
     </span>
     <span class='ocr_line' id='line_1_16' title="bbox 191 1817 1366 1900; baseline 0.002 -20"><span class='ocrx_word' id='word_1_107' title='bbox 191 1819 322 1900; x_wconf 90' lang='lat' dir='ltr'>quidem</span> <span class='ocrx_word' id='word_1_108' title='bbox 350 1818 524 1882; x_wconf 89' lang='lat' dir='ltr'>nonnullas</span> <span class='ocrx_word' id='word_1_109' title='bbox 553 1817 586 1878; x_wconf 90' lang='lat' dir='ltr'>in</span> <span class='ocrx_word' id='word_1_110' title='bbox 615 1817 802 1880; x_wconf 89' lang='lat' dir='ltr'>universum</span> <span class='ocrx_word' id='word_1_111' title='bbox 836 1817 952 1881; x_wconf 81' lang='lat' dir='ltr'>afferre</span> <span class='ocrx_word' id='word_1_112' title='bbox 991 1819 1222 1881; x_wconf 88' lang='lat' dir='ltr'>adnotationes</span> <span class='ocrx_word' id='word_1_113' title='bbox 1258 1819 1366 1884; x_wconf 90' lang='lat' dir='ltr'>liccat.</span> 
     </span>
     <span class='ocr_line' id='line_1_17' title="bbox 189 1904 1369 1988; baseline 0.001 -17"><span class='ocrx_word' id='word_1_114' title='bbox 189 1904 300 1988; x_wconf 90' lang='lat' dir='ltr'>Nuper</span> <span class='ocrx_word' id='word_1_115' title='bbox 324 1909 410 1970; x_wconf 91' lang='lat' dir='ltr'>enim</span> <span class='ocrx_word' id='word_1_116' title='bbox 429 1907 509 1971; x_wconf 90' lang='lat' dir='ltr'>etin</span> <span class='ocrx_word' id='word_1_117' title='bbox 526 1907 628 1970; x_wconf 89' lang='lat' dir='ltr'>llusei</span> <span class='ocrx_word' id='word_1_118' title='bbox 645 1906 795 1969; x_wconf 88' lang='lat' dir='ltr'>Rhenani</span> <span class='ocrx_word' id='word_1_119' title='bbox 819 1913 841 1968; x_wconf 93' lang='lat' dir='ltr'>t.</span> <span class='ocrx_word' id='word_1_120' title='bbox 859 1905 946 1969; x_wconf 88' lang='lat' dir='ltr'>XLV</span> <span class='ocrx_word' id='word_1_121' title='bbox 963 1911 995 1970; x_wconf 90' lang='lat' dir='ltr'>et</span> <span class='ocrx_word' id='word_1_122' title='bbox 1011 1907 1045 1969; x_wconf 91' lang='lat' dir='ltr'>in</span> <span class='ocrx_word' id='word_1_123' title='bbox 1061 1906 1203 1971; x_wconf 89' lang='lat' dir='ltr'>Hermae</span> <span class='ocrx_word' id='word_1_124' title='bbox 1223 1914 1244 1970; x_wconf 94' lang='lat' dir='ltr'>t.</span> <span class='ocrx_word' id='word_1_125' title='bbox 1263 1909 1369 1972; x_wconf 88' lang='lat' dir='ltr'>XXlV</span> 
     </span>
     <span class='ocr_line' id='line_1_18' title="bbox 190 1995 1366 2077; baseline -0.001 -17"><span class='ocrx_word' id='word_1_126' title='bbox 190 2015 211 2060; x_wconf 85' lang='lat' dir='ltr'>a</span> <span class='ocrx_word' id='word_1_127' title='bbox 246 1997 384 2060; x_wconf 89' lang='lat' dir='ltr'>diversis</span> <span class='ocrx_word' id='word_1_128' title='bbox 412 1997 489 2058; x_wconf 78' lang='lat' dir='ltr'>viris</span> <span class='ocrx_word' id='word_1_129' title='bbox 518 1996 624 2058; x_wconf 92' lang='lat' dir='ltr'>doctis</span> <span class='ocrx_word' id='word_1_130' title='bbox 654 1997 694 2059; x_wconf 91' lang='lat' dir='ltr'>de</span> <span class='ocrx_word' id='word_1_131' title='bbox 724 1996 773 2058; x_wconf 91' lang='lat' dir='ltr'>his</span> <span class='ocrx_word' id='word_1_132' title='bbox 804 1995 1047 2075; x_wconf 82' lang='lat' dir='ltr'>diligentissime</span> <span class='ocrx_word' id='word_1_133' title='bbox 1077 1996 1274 2077; x_wconf 90' lang='lat' dir='ltr'>disputatum</span> <span class='ocrx_word' id='word_1_134' title='bbox 1303 2004 1366 2060; x_wconf 87' lang='lat' dir='ltr'>est:</span> 
     </span>
     <span class='ocr_line' id='line_1_19' title="bbox 190 2083 1368 2168; baseline 0 -19"><span class='ocrx_word' id='word_1_135' title='bbox 190 2086 319 2150; x_wconf 88' lang='lat' dir='ltr'>Dessau</span> <span class='ocrx_word' id='word_1_136' title='bbox 342 2086 400 2149; x_wconf 87' lang='lat' dir='ltr'>Tb.</span> <span class='ocrx_word' id='word_1_137' title='bbox 426 2083 609 2149; x_wconf 88' lang='lat' dir='ltr'>Mommsen</span> <span class='ocrx_word' id='word_1_138' title='bbox 634 2084 733 2148; x_wconf 88' lang='lat' dir='ltr'>chbs</span> <span class='ocrx_word' id='word_1_139' title='bbox 760 2085 866 2149; x_wconf 89' lang='lat' dir='ltr'>denuo</span> <span class='ocrx_word' id='word_1_140' title='bbox 890 2085 924 2148; x_wconf 90' lang='lat' dir='ltr'>in</span> <span class='ocrx_word' id='word_1_141' title='bbox 949 2086 1175 2168; x_wconf 90' lang='lat' dir='ltr'>quaestionem</span> <span class='ocrx_word' id='word_1_142' title='bbox 1193 2095 1368 2161; x_wconf 87' lang='lat' dir='ltr'>vocarunt,</span> 
     </span>
     <span class='ocr_line' id='line_1_20' title="bbox 190 2173 1367 2258; baseline 0 -20"><span class='ocrx_word' id='word_1_143' title='bbox 190 2175 305 2258; x_wconf 92' lang='lat' dir='ltr'>quibus</span> <span class='ocrx_word' id='word_1_144' title='bbox 334 2176 467 2239; x_wconf 89' lang='lat' dir='ltr'>tandem</span> <span class='ocrx_word' id='word_1_145' title='bbox 497 2173 687 2238; x_wconf 89' lang='lat' dir='ltr'>auctoribus</span> <span class='ocrx_word' id='word_1_146' title='bbox 716 2173 860 2255; x_wconf 86' lang='lat' dir='ltr'>singulae</span> <span class='ocrx_word' id='word_1_147' title='bbox 889 2176 975 2238; x_wconf 88' lang='lat' dir='ltr'>vitae</span> <span class='ocrx_word' id='word_1_148' title='bbox 1005 2175 1121 2258; x_wconf 90' lang='lat' dir='ltr'>quibus</span> <span class='ocrx_word' id='word_1_149' title='bbox 1152 2176 1286 2239; x_wconf 93' lang='lat' dir='ltr'>nomina</span> <span class='ocrx_word' id='word_1_150' title='bbox 1314 2176 1367 2238; x_wconf 92' lang='lat' dir='ltr'>illa</span> 
     </span>
     <span class='ocr_line' id='line_1_21' title="bbox 189 2264 1367 2346; baseline 0.005 -18"><span class='ocrx_word' id='word_1_151' title='bbox 189 2265 361 2330; x_wconf 89' lang='lat' dir='ltr'>inhaerent</span> <span class='ocrx_word' id='word_1_152' title='bbox 376 2264 604 2329; x_wconf 89' lang='lat' dir='ltr'>attribuendae</span> <span class='ocrx_word' id='word_1_153' title='bbox 622 2265 697 2327; x_wconf 90' lang='lat' dir='ltr'>sint.</span> <span class='ocrx_word' id='word_1_154' title='bbox 727 2265 814 2328; x_wconf 85' lang='lat' dir='ltr'>Inter</span> <span class='ocrx_word' id='word_1_155' title='bbox 835 2283 917 2346; x_wconf 91' lang='lat' dir='ltr'>quos</span> <span class='ocrx_word' id='word_1_156' title='bbox 940 2266 1071 2342; x_wconf 90' lang='lat' dir='ltr'>ultimus</span> <span class='ocrx_word' id='word_1_157' title='bbox 1092 2271 1220 2329; x_wconf 90' lang='lat' dir='ltr'>tantum</span> <span class='ocrx_word' id='word_1_158' title='bbox 1236 2264 1367 2334; x_wconf 85' lang='lat' dir='ltr'>Klebs³l</span> 
     </span>
     <span class='ocr_line' id='line_1_22' title="bbox 190 2353 1367 2437; baseline 0 -17"><span class='ocrx_word' id='word_1_159' title='bbox 190 2356 230 2420; x_wconf 93' lang='lat' dir='ltr'>de</span> <span class='ocrx_word' id='word_1_160' title='bbox 267 2355 483 2437; x_wconf 85' lang='lat' dir='ltr'>dispositione</span> <span class='ocrx_word' id='word_1_161' title='bbox 519 2362 552 2420; x_wconf 91' lang='lat' dir='ltr'>et</span> <span class='ocrx_word' id='word_1_162' title='bbox 592 2355 832 2436; x_wconf 87' lang='lat' dir='ltr'>compositione</span> <span class='ocrx_word' id='word_1_163' title='bbox 868 2353 1011 2418; x_wconf 85' lang='lat' dir='ltr'>breviter</span> <span class='ocrx_word' id='word_1_164' title='bbox 1046 2356 1243 2420; x_wconf 91' lang='lat' dir='ltr'>sententiam</span> <span class='ocrx_word' id='word_1_165' title='bbox 1278 2355 1367 2420; x_wconf 83' lang='lat' dir='ltr'>dixit.</span> 
     </span>
     <span class='ocr_line' id='line_1_23' title="bbox 191 2443 1368 2529; baseline -0.001 -21"><span class='ocrx_word' id='word_1_166' title='bbox 191 2463 289 2528; x_wconf 91' lang='lat' dir='ltr'>quam</span> <span class='ocrx_word' id='word_1_167' title='bbox 306 2446 437 2529; x_wconf 91' lang='lat' dir='ltr'>quidem</span> <span class='ocrx_word' id='word_1_168' title='bbox 454 2445 539 2508; x_wconf 93' lang='lat' dir='ltr'>nullo</span> <span class='ocrx_word' id='word_1_169' title='bbox 557 2444 656 2509; x_wconf 91' lang='lat' dir='ltr'>modo</span> <span class='ocrx_word' id='word_1_170' title='bbox 675 2445 893 2525; x_wconf 88' lang='lat' dir='ltr'>comprobare</span> <span class='ocrx_word' id='word_1_171' title='bbox 910 2463 1097 2526; x_wconf 88' lang='lat' dir='ltr'>possumus.</span> <span class='ocrx_word' id='word_1_172' title='bbox 1128 2443 1263 2525; x_wconf 85' lang='lat' dir='ltr'>Scripsit</span> <span class='ocrx_word' id='word_1_173' title='bbox 1282 2446 1368 2507; x_wconf 89' lang='lat' dir='ltr'>enim</span> 
     </span>
     <span class='ocr_line' id='line_1_24' title="bbox 190 2533 1366 2615; baseline -0.002 -17"><span class='ocrx_word' id='word_1_174' title='bbox 190 2555 220 2615; x_wconf 87' lang='lat' dir='ltr'>p.</span> <span class='ocrx_word' id='word_1_175' title='bbox 245 2534 326 2598; x_wconf 81' lang='lat'>439:</span> <span class='ocrx_word' id='word_1_176' title='bbox 354 2534 615 2615; x_wconf 83' lang='lat' dir='ltr'>„Ebensowenig</span> <span class='ocrx_word' id='word_1_177' title='bbox 638 2535 728 2598; x_wconf 89' lang='lat' dir='ltr'>kann</span> <span class='ocrx_word' id='word_1_178' title='bbox 752 2534 804 2597; x_wconf 93' lang='lat' dir='ltr'>die</span> <span class='ocrx_word' id='word_1_179' title='bbox 828 2533 1040 2615; x_wconf 87' lang='lat' dir='ltr'>Reihenfolge</span> <span class='ocrx_word' id='word_1_180' title='bbox 1065 2534 1124 2598; x_wconf 91' lang='lat' dir='ltr'>der</span> <span class='ocrx_word' id='word_1_181' title='bbox 1144 2534 1366 2599; x_wconf 88' lang='lat' dir='ltr'>Nachrichten</span> 
     </span>
     <span class='ocr_line' id='line_1_25' title="bbox 188 2621 1363 2704; baseline -0.003 -15"><span class='ocrx_word' id='word_1_182' title='bbox 188 2624 368 2689; x_wconf 88' lang='lat' dir='ltr'>Bedenken</span> <span class='ocrx_word' id='word_1_183' title='bbox 381 2641 527 2704; x_wconf 90' lang='lat' dir='ltr'>erregen.</span> <span class='ocrx_word' id='word_1_184' title='bbox 544 2623 899 2687; x_wconf 82' lang='lat' dir='ltr'>Einerwirkliclren</span> <span class='ocrx_word' id='word_1_185' title='bbox 913 2621 1096 2704; x_wconf 90' lang='lat' dir='ltr'>Ordnung</span> <span class='ocrx_word' id='word_1_186' title='bbox 1112 2624 1178 2687; x_wconf 92' lang='lat' dir='ltr'>des</span> <span class='ocrx_word' id='word_1_187' title='bbox 1198 2623 1363 2698; x_wconf 77' lang='lat' dir='ltr'>Stoffcs,</span> 
     </span>
     <span class='ocr_line' id='line_1_26' title="bbox 189 2712 1359 2795; baseline -0.002 -17"><span class='ocrx_word' id='word_1_188' title='bbox 189 2715 260 2778; x_wconf 87' lang='lat' dir='ltr'>wie</span> <span class='ocrx_word' id='word_1_189' title='bbox 286 2715 340 2778; x_wconf 89' lang='lat' dir='ltr'>sie</span> <span class='ocrx_word' id='word_1_190' title='bbox 367 2712 517 2779; x_wconf 85' lang='lat' dir='ltr'>Sueten</span> <span class='ocrx_word' id='word_1_191' title='bbox 540 2713 621 2790; x_wconf 86' lang='lat' dir='ltr'>hat,</span> <span class='ocrx_word' id='word_1_192' title='bbox 649 2712 875 2790; x_wconf 85' lang='lat' dir='ltr'>ermangeln</span> <span class='ocrx_word' id='word_1_193' title='bbox 900 2712 959 2777; x_wconf 91' lang='lat' dir='ltr'>alle</span> <span class='ocrx_word' id='word_1_194' title='bbox 985 2713 1076 2778; x_wconf 91' lang='lat' dir='ltr'>diese</span> <span class='ocrx_word' id='word_1_195' title='bbox 1099 2712 1359 2795; x_wconf 67' lang='lat' dir='ltr'>Biographieem</span> 
     </span>
     <span class='ocr_line' id='line_1_27' title="bbox 190 2803 1368 2887; baseline -0.003 -19"><span class='ocrx_word' id='word_1_196' title='bbox 190 2809 222 2868; x_wconf 93' lang='lat' dir='ltr'>et</span> <span class='ocrx_word' id='word_1_197' title='bbox 245 2825 276 2887; x_wconf 92' lang='lat' dir='ltr'>p.</span> <span class='ocrx_word' id='word_1_198' title='bbox 294 2804 376 2883; x_wconf 86' lang='grc'>441;</span> <span class='ocrx_word' id='word_1_199' title='bbox 405 2804 581 2886; x_wconf 74' lang='lat' dir='ltr'>„Angaben</span> <span class='ocrx_word' id='word_1_200' title='bbox 605 2804 686 2867; x_wconf 85' lang='lat' dir='ltr'>iiber</span> <span class='ocrx_word' id='word_1_201' title='bbox 703 2804 754 2868; x_wconf 92' lang='lat' dir='ltr'>die</span> <span class='ocrx_word' id='word_1_202' title='bbox 773 2803 878 2883; x_wconf 89' lang='lat' dir='ltr'>‘signa</span> <span class='ocrx_word' id='word_1_203' title='bbox 894 2804 1031 2881; x_wconf 83' lang='lat' dir='ltr'>mortis&#39;,</span> <span class='ocrx_word' id='word_1_204' title='bbox 1056 2803 1138 2867; x_wconf 84' lang='lat' dir='ltr'>iiber</span> <span class='ocrx_word' id='word_1_205' title='bbox 1159 2803 1210 2866; x_wconf 89' lang='lat' dir='ltr'>dic</span> <span class='ocrx_word' id='word_1_206' title='bbox 1227 2803 1368 2868; x_wconf 79' lang='lat' dir='ltr'>Person-</span> 
     </span>
     <span class='ocr_line' id='line_1_28' title="bbox 190 2892 1368 2958; baseline -0.003 -1"><span class='ocrx_word' id='word_1_207' title='bbox 190 2894 321 2958; x_wconf 90' lang='lat' dir='ltr'>licbkeit</span> <span class='ocrx_word' id='word_1_208' title='bbox 356 2895 473 2958; x_wconf 89' lang='lat' dir='ltr'>stehen</span> <span class='ocrx_word' id='word_1_209' title='bbox 507 2895 539 2957; x_wconf 91' lang='lat' dir='ltr'>in</span> <span class='ocrx_word' id='word_1_210' title='bbox 570 2894 679 2958; x_wconf 92' lang='lat' dir='ltr'>dieser</span> <span class='ocrx_word' id='word_1_211' title='bbox 707 2894 808 2958; x_wconf 89' lang='lat' dir='ltr'>Reihe</span> <span class='ocrx_word' id='word_1_212' title='bbox 835 2944 840 2956; x_wconf 93' lang='lat'>.</span> <span class='ocrx_word' id='word_1_213' title='bbox 868 2937 875 2952; x_wconf 88' lang='lat'>.</span> <span class='ocrx_word' id='word_1_214' title='bbox 904 2899 985 2957; x_wconf 88' lang='lat' dir='ltr'>stets</span> <span class='ocrx_word' id='word_1_215' title='bbox 1021 2892 1108 2956; x_wconf 91' lang='lat' dir='ltr'>nach</span> <span class='ocrx_word' id='word_1_216' title='bbox 1138 2893 1213 2956; x_wconf 87' lang='lat' dir='ltr'>dem</span> <span class='ocrx_word' id='word_1_217' title='bbox 1242 2893 1368 2958; x_wconf 77' lang='lat' dir='ltr'>&#39;lodes-</span> 
     </span>
     <span class='ocr_line' id='line_1_29' title="bbox 190 2979 1383 3067; baseline -0.003 -19"><span class='ocrx_word' id='word_1_218' title='bbox 190 2984 351 3049; x_wconf 81' lang='lat' dir='ltr'>bericbt“.</span> <span class='ocrx_word' id='word_1_219' title='bbox 377 2985 509 3067; x_wconf 87' lang='lat' dir='ltr'>Utrique</span> <span class='ocrx_word' id='word_1_220' title='bbox 527 2984 711 3048; x_wconf 89' lang='lat' dir='ltr'>sententiae</span> <span class='ocrx_word' id='word_1_221' title='bbox 729 2983 975 3065; x_wconf 88' lang='lat' dir='ltr'>repugnandum</span> <span class='ocrx_word' id='word_1_222' title='bbox 992 2987 1052 3046; x_wconf 89' lang='lat' dir='ltr'>cst.</span> <span class='ocrx_word' id='word_1_223' title='bbox 1089 2980 1170 3045; x_wconf 92' lang='lat' dir='ltr'>Nam</span> <span class='ocrx_word' id='word_1_224' title='bbox 1190 3001 1263 3046; x_wconf 90' lang='lat' dir='ltr'>cum</span> <span class='ocrx_word' id='word_1_225' title='bbox 1281 2979 1383 3063; x_wconf 91' lang='lat' dir='ltr'>apud&#39;</span> 
     </span>
     <span class='ocr_line' id='line_1_30' title="bbox 191 3072 1366 3155; baseline -0.005 -17"><span class='ocrx_word' id='word_1_226' title='bbox 191 3072 384 3139; x_wconf 88' lang='lat' dir='ltr'>Suetonium</span> <span class='ocrx_word' id='word_1_227' title='bbox 408 3075 514 3155; x_wconf 90' lang='lat' dir='ltr'>ipsum</span> <span class='ocrx_word' id='word_1_228' title='bbox 539 3074 570 3136; x_wconf 91' lang='lat' dir='ltr'>in</span> <span class='ocrx_word' id='word_1_229' title='bbox 594 3074 661 3137; x_wconf 91' lang='lat' dir='ltr'>vita</span> <span class='ocrx_word' id='word_1_230' title='bbox 677 3072 816 3138; x_wconf 92' lang='lat' dir='ltr'>Neronis</span> <span class='ocrx_word' id='word_1_231' title='bbox 835 3078 897 3135; x_wconf 91' lang='lat' dir='ltr'>etc.</span> <span class='ocrx_word' id='word_1_232' title='bbox 924 3072 1064 3135; x_wconf 90' lang='lat' dir='ltr'>eundem</span> <span class='ocrx_word' id='word_1_233' title='bbox 1091 3073 1239 3136; x_wconf 90' lang='lat' dir='ltr'>ordinem</span> <span class='ocrx_word' id='word_1_234' title='bbox 1258 3091 1366 3134; x_wconf 88' lang='lat' dir='ltr'>rerum</span> 
     </span>
    </p>
   </div>
   <div class='ocr_carea' id='block_1_3' title="bbox 69 3160 1367 3254">
    <p class='ocr_par' dir='ltr' id='par_1_6' title="bbox 69 3160 1367 3254">
     <span class='ocr_line' id='line_1_31' title="bbox 69 3160 1367 3254; baseline -0.005 -27"><span class='ocrx_word' id='word_1_235' title='bbox 69 3247 72 3254; x_wconf 18' lang='lat'><strong>⁴</strong></span> <span class='ocrx_word' id='word_1_236' title='bbox 190 3163 386 3242; x_wconf 88' lang='lat' dir='ltr'>invenimus,</span> <span class='ocrx_word' id='word_1_237' title='bbox 413 3183 487 3228; x_wconf 91' lang='lat' dir='ltr'>eum</span> <span class='ocrx_word' id='word_1_238' title='bbox 505 3163 629 3226; x_wconf 90' lang='lat' dir='ltr'>scilicet</span> <span class='ocrx_word' id='word_1_239' title='bbox 651 3168 685 3225; x_wconf 93' lang='lat' dir='ltr'>ut</span> <span class='ocrx_word' id='word_1_240' title='bbox 700 3163 837 3241; x_wconf 90' lang='lat' dir='ltr'>primum</span> <span class='ocrx_word' id='word_1_241' title='bbox 863 3161 902 3224; x_wconf 92' lang='lat' dir='ltr'>de</span> <span class='ocrx_word' id='word_1_242' title='bbox 927 3166 1046 3237; x_wconf 78' lang='lat' dir='ltr'>morte,</span> <span class='ocrx_word' id='word_1_243' title='bbox 1073 3160 1190 3225; x_wconf 88' lang='lat' dir='ltr'>deinde</span> <span class='ocrx_word' id='word_1_244' title='bbox 1211 3163 1250 3225; x_wconf 91' lang='lat' dir='ltr'>de</span> <span class='ocrx_word' id='word_1_245' title='bbox 1267 3161 1367 3241; x_wconf 87' lang='lat' dir='ltr'>signis</span> 
     </span>
    </p>
   </div>
   <div class='ocr_carea' id='block_1_4' title="bbox 191 3249 1368 3602">
    <p class='ocr_par' dir='ltr' id='par_1_7' title="bbox 191 3249 1368 3602">
     <span class='ocr_line' id='line_1_32' title="bbox 193 3249 1368 3333; baseline -0.004 -18"><span class='ocrx_word' id='word_1_246' title='bbox 193 3253 307 3317; x_wconf 89' lang='lat' dir='ltr'>mortis</span> <span class='ocrx_word' id='word_1_247' title='bbox 334 3255 374 3318; x_wconf 92' lang='lat' dir='ltr'>de</span> <span class='ocrx_word' id='word_1_248' title='bbox 404 3252 550 3317; x_wconf 91' lang='lat' dir='ltr'>moribus</span> <span class='ocrx_word' id='word_1_249' title='bbox 576 3259 639 3314; x_wconf 90' lang='lat' dir='ltr'>etc.</span> <span class='ocrx_word' id='word_1_250' title='bbox 665 3255 793 3331; x_wconf 76' lang='lat' dir='ltr'>agatur,</span> <span class='ocrx_word' id='word_1_251' title='bbox 818 3257 887 3313; x_wconf 91' lang='lat' dir='ltr'>tum</span> <span class='ocrx_word' id='word_1_252' title='bbox 917 3250 957 3314; x_wconf 96' lang='lat' dir='ltr'>ab</span> <span class='ocrx_word' id='word_1_253' title='bbox 984 3250 1152 3316; x_wconf 75' lang='lat' dir='ltr'>omnibus,</span> <span class='ocrx_word' id='word_1_254' title='bbox 1179 3253 1232 3333; x_wconf 94' lang='lat' dir='ltr'>qui</span> <span class='ocrx_word' id='word_1_255' title='bbox 1261 3249 1368 3314; x_wconf 87' lang='lat' dir='ltr'>adbuc</span> 
     </span>
     <span class='ocr_line' id='line_1_33' title="bbox 195 3339 1367 3425; baseline -0.004 -18"><span class='ocrx_word' id='word_1_256' title='bbox 195 3342 234 3407; x_wconf 90' lang='lat' dir='ltr'>dc</span> <span class='ocrx_word' id='word_1_257' title='bbox 260 3343 472 3425; x_wconf 89' lang='lat' dir='ltr'>scriptoribus</span> <span class='ocrx_word' id='word_1_258' title='bbox 496 3342 556 3404; x_wconf 92' lang='lat' dir='ltr'>illis</span> <span class='ocrx_word' id='word_1_259' title='bbox 581 3347 821 3423; x_wconf 73' lang='lat' dir='ltr'>exposuerunt,</span> <span class='ocrx_word' id='word_1_260' title='bbox 847 3339 1020 3421; x_wconf 91' lang='lat' dir='ltr'>probatum</span> <span class='ocrx_word' id='word_1_261' title='bbox 1045 3345 1128 3416; x_wconf 78' lang='lat' dir='ltr'>est4l</span> <span class='ocrx_word' id='word_1_262' title='bbox 1159 3341 1261 3405; x_wconf 87' lang='lat' dir='ltr'>hasce</span> <span class='ocrx_word' id='word_1_263' title='bbox 1286 3341 1367 3403; x_wconf 81' lang='lat' dir='ltr'>vitas</span> 
     </span>
     <span class='ocr_line' id='line_1_34' title="bbox 191 3430 1367 3514; baseline -0.005 -17"><span class='ocrx_word' id='word_1_264' title='bbox 191 3451 251 3514; x_wconf 89' lang='lat' dir='ltr'>per</span> <span class='ocrx_word' id='word_1_265' title='bbox 279 3435 408 3514; x_wconf 89' lang='lat' dir='ltr'>species</span> <span class='ocrx_word' id='word_1_266' title='bbox 437 3432 661 3498; x_wconf 88' lang='lat' dir='ltr'>Suetonianas</span> <span class='ocrx_word' id='word_1_267' title='bbox 691 3448 765 3493; x_wconf 91' lang='lat' dir='ltr'>esse</span> <span class='ocrx_word' id='word_1_268' title='bbox 796 3430 974 3494; x_wconf 88' lang='lat' dir='ltr'>ordinatas.</span> <span class='ocrx_word' id='word_1_269' title='bbox 1024 3431 1118 3511; x_wconf 86' lang='lat' dir='ltr'>Quod</span> <span class='ocrx_word' id='word_1_270' title='bbox 1149 3433 1245 3495; x_wconf 90' lang='lat' dir='ltr'>etiam</span> <span class='ocrx_word' id='word_1_271' title='bbox 1276 3432 1367 3494; x_wconf 91' lang='lat' dir='ltr'>huius</span> 
     </span>
     <span class='ocr_line' id='line_1_35' title="bbox 191 3519 1211 3602; baseline -0.004 -16"><span class='ocrx_word' id='word_1_272' title='bbox 191 3522 476 3586; x_wconf 89' lang='lat' dir='ltr'>commentationis</span> <span class='ocrx_word' id='word_1_273' title='bbox 502 3522 642 3585; x_wconf 91' lang='lat' dir='ltr'>decursu</span> <span class='ocrx_word' id='word_1_274' title='bbox 666 3521 874 3602; x_wconf 90' lang='lat' dir='ltr'>perspicuum</span> <span class='ocrx_word' id='word_1_275' title='bbox 898 3519 967 3584; x_wconf 88' lang='lat' dir='ltr'>fieri</span> <span class='ocrx_word' id='word_1_276' title='bbox 992 3523 1166 3602; x_wconf 89' lang='lat' dir='ltr'>opinamur</span> <span class='ocrx_word' id='word_1_277' title='bbox 1177 3523 1211 3597; x_wconf 60' lang='lat'>55.</span> 
     </span>
    </p>
   </div>
   <div class='ocr_carea' id='block_1_5' title="bbox 190 3699 1371 4503">
    <p class='ocr_par' dir='ltr' id='par_1_8' title="bbox 190 3699 1369 4433">
     <span class='ocr_line' id='line_1_36' title="bbox 298 3699 1368 3783; baseline -0.002 -15"><span class='ocrx_word' id='word_1_278' title='bbox 298 3714 326 3781; x_wconf 73' lang='lat' dir='ltr'>r)</span> <span class='ocrx_word' id='word_1_279' title='bbox 349 3714 402 3768; x_wconf 78' lang='lat' dir='ltr'>cu.</span> <span class='ocrx_word' id='word_1_280' title='bbox 430 3715 503 3771; x_wconf 64' lang='lat' dir='ltr'>naa</span> <span class='ocrx_word' id='word_1_281' title='bbox 533 3717 561 3768; x_wconf 74' lang='lat' dir='ltr'>et</span> <span class='ocrx_word' id='word_1_282' title='bbox 588 3714 667 3767; x_wconf 79' lang='lat' dir='ltr'>caru.</span> <span class='ocrx_word' id='word_1_283' title='bbox 697 3729 720 3768; x_wconf 80' lang='lat' dir='ltr'>c.</span> <span class='ocrx_word' id='word_1_284' title='bbox 744 3715 786 3768; x_wconf 86' lang='lat' dir='ltr'>u.</span> <span class='ocrx_word' id='word_1_285' title='bbox 816 3715 899 3772; x_wconf 77' lang='lat' dir='ltr'>cora.</span> <span class='ocrx_word' id='word_1_286' title='bbox 924 3716 1003 3783; x_wconf 82' lang='lat' dir='ltr'>xvir,</span> <span class='ocrx_word' id='word_1_287' title='bbox 1022 3715 1065 3768; x_wconf 78' lang='lat'>21.</span> <span class='ocrx_word' id='word_1_288' title='bbox 1098 3699 1170 3770; x_wconf 77' lang='lat' dir='ltr'>lul.</span> <span class='ocrx_word' id='word_1_289' title='bbox 1195 3718 1237 3781; x_wconf 81' lang='lat' dir='ltr'>ar,</span> <span class='ocrx_word' id='word_1_290' title='bbox 1262 3717 1304 3783; x_wconf 79' lang='lat' dir='ltr'>aa,</span> <span class='ocrx_word' id='word_1_291' title='bbox 1324 3716 1368 3768; x_wconf 86' lang='lat'>31.</span> 
     </span>
     <span class='ocr_line' id='line_1_37' title="bbox 190 3789 1368 3930; baseline -0.001 -18"><span class='ocrx_word' id='word_1_292' title='bbox 190 3789 275 3843; x_wconf 72' lang='lat' dir='ltr'>nau.</span> <span class='ocrx_word' id='word_1_293' title='bbox 294 3789 462 3928; x_wconf 46' lang='lat' dir='ltr'>Iaierti&#39;ewffti&#39;</span> <span class='ocrx_word' id='word_1_294' title='bbox 480 3858 498 3911; x_wconf 84' lang='lat'>1.</span> <span class='ocrx_word' id='word_1_295' title='bbox 516 3874 542 3926; x_wconf 80' lang='lat' dir='ltr'>p.</span> <span class='ocrx_word' id='word_1_296' title='bbox 558 3857 603 3924; x_wconf 80' lang='lat'>11;</span> <span class='ocrx_word' id='word_1_297' title='bbox 623 3859 716 3924; x_wconf 67' lang='lat' dir='ltr'>nuez,</span> <span class='ocrx_word' id='word_1_298' title='bbox 736 3859 753 3912; x_wconf 88' lang='lat'>1.</span> <span class='ocrx_word' id='word_1_299' title='bbox 773 3859 791 3912; x_wconf 88' lang='lat'>1.</span> <span class='ocrx_word' id='word_1_300' title='bbox 810 3876 836 3927; x_wconf 82' lang='lat' dir='ltr'>p.</span> <span class='ocrx_word' id='word_1_301' title='bbox 850 3858 875 3923; x_wconf 80' lang='lat'>9,</span> <span class='ocrx_word' id='word_1_302' title='bbox 890 3859 933 3926; x_wconf 76' lang='lat' dir='ltr'>ro,</span> <span class='ocrx_word' id='word_1_303' title='bbox 948 3859 989 3920; x_wconf 81' lang='lat'>19,</span> <span class='ocrx_word' id='word_1_304' title='bbox 1004 3859 1047 3924; x_wconf 79' lang='lat' dir='ltr'>aa,</span> <span class='ocrx_word' id='word_1_305' title='bbox 1062 3858 1177 3926; x_wconf 77' lang='lat' dir='ltr'>att-40,</span> <span class='ocrx_word' id='word_1_306' title='bbox 1192 3862 1283 3930; x_wconf 64' lang='lat' dir='ltr'>usq.</span> <span class='ocrx_word' id='word_1_307' title='bbox 1297 3859 1368 3914; x_wconf 78' lang='lat' dir='ltr'>so-</span> 
     </span>
     <span class='ocr_line' id='line_1_38' title="bbox 191 3929 1369 4002; baseline -0.002 -17"><span class='ocrx_word' id='word_1_308' title='bbox 191 3929 234 4000; x_wconf 74' lang='grc'>52,</span> <span class='ocrx_word' id='word_1_309' title='bbox 254 3931 369 3996; x_wconf 83' lang='lat'>53-55,</span> <span class='ocrx_word' id='word_1_310' title='bbox 383 3930 430 3996; x_wconf 66' lang='lat'>613</span> <span class='ocrx_word' id='word_1_311' title='bbox 450 3931 564 3999; x_wconf 77' lang='lat' dir='ltr'>Broclca,</span> <span class='ocrx_word' id='word_1_312' title='bbox 583 3929 617 3984; x_wconf 87' lang='lat' dir='ltr'>de</span> <span class='ocrx_word' id='word_1_313' title='bbox 637 3933 769 4000; x_wconf 87' lang='lat' dir='ltr'>quattuor</span> <span class='ocrx_word' id='word_1_314' title='bbox 787 3931 871 4000; x_wconf 90' lang='lat' dir='ltr'>prior.</span> <span class='ocrx_word' id='word_1_315' title='bbox 890 3931 989 3984; x_wconf 90' lang='lat' dir='ltr'>histor.</span> <span class='ocrx_word' id='word_1_316' title='bbox 1009 3932 1077 3999; x_wconf 87' lang='lat' dir='ltr'>Aug.</span> <span class='ocrx_word' id='word_1_317' title='bbox 1097 3933 1191 4001; x_wconf 90' lang='lat' dir='ltr'>script.</span> <span class='ocrx_word' id='word_1_318' title='bbox 1209 3932 1369 4002; x_wconf 87' lang='lat' dir='ltr'>Regimonti</span> 
     </span>
     <span class='ocr_line' id='line_1_39' title="bbox 191 4002 1369 4177; baseline -0.003 -49"><span class='ocrx_word' id='word_1_319' title='bbox 191 4004 234 4058; x_wconf 39' lang='lat' dir='ltr'>Pr.</span> <span class='ocrx_word' id='word_1_320' title='bbox 256 4002 428 4177; x_wconf 42' lang='lat' dir='ltr'>1823ngng</span> <span class='ocrx_word' id='word_1_321' title='bbox 435 4019 525 4129; x_wconf 56' lang='lat' dir='ltr'>{qu</span> <span class='ocrx_word' id='word_1_322' title='bbox 545 4078 563 4127; x_wconf 88' lang='lat' dir='ltr'>t.</span> <span class='ocrx_word' id='word_1_323' title='bbox 584 4073 663 4138; x_wconf 83' lang='lat' dir='ltr'>XLV,</span> <span class='ocrx_word' id='word_1_324' title='bbox 683 4091 709 4144; x_wconf 92' lang='lat' dir='ltr'>p.</span> <span class='ocrx_word' id='word_1_325' title='bbox 724 4073 881 4127; x_wconf 74' lang='lat' dir='ltr'>tao-464:</span> <span class='ocrx_word' id='word_1_326' title='bbox 913 4073 980 4139; x_wconf 87' lang='lat' dir='ltr'>„Die</span> <span class='ocrx_word' id='word_1_327' title='bbox 1006 4073 1168 4144; x_wconf 87' lang='lat' dir='ltr'>Sammlung</span> <span class='ocrx_word' id='word_1_328' title='bbox 1197 4077 1246 4130; x_wconf 91' lang='lat' dir='ltr'>der</span> <span class='ocrx_word' id='word_1_329' title='bbox 1274 4075 1369 4143; x_wconf 87' lang='lat' dir='ltr'>script.</span> 
     </span>
     <span class='ocr_line' id='line_1_40' title="bbox 192 4147 1369 4288; baseline -0.001 -17"><span class='ocrx_word' id='word_1_330' title='bbox 192 4148 242 4202; x_wconf 64' lang='lat' dir='ltr'>H⁸⁶</span> <span class='ocrx_word' id='word_1_331' title='bbox 260 4147 326 4282; x_wconf 41' lang='lat' dir='ltr'>A}</span> <span class='ocrx_word' id='word_1_332' title='bbox 345 4216 399 4275; x_wconf 85' lang='lat' dir='ltr'>Cir.</span> <span class='ocrx_word' id='word_1_333' title='bbox 418 4219 531 4283; x_wconf 81' lang='lat' dir='ltr'>Ruebcl,</span> <span class='ocrx_word' id='word_1_334' title='bbox 550 4217 568 4270; x_wconf 93' lang='lat' dir='ltr'>l.</span> <span class='ocrx_word' id='word_1_335' title='bbox 587 4217 605 4271; x_wconf 95' lang='lat' dir='ltr'>l.</span> <span class='ocrx_word' id='word_1_336' title='bbox 625 4234 650 4286; x_wconf 93' lang='lat' dir='ltr'>p.</span> <span class='ocrx_word' id='word_1_337' title='bbox 670 4217 757 4287; x_wconf 64' lang='lat' dir='ltr'>disq.</span> <span class='ocrx_word' id='word_1_338' title='bbox 786 4219 922 4280; x_wconf 79' lang='lat' dir='ltr'>Diri-sea,</span> <span class='ocrx_word' id='word_1_339' title='bbox 948 4217 992 4271; x_wconf 91' lang='lat' dir='ltr'>die</span> <span class='ocrx_word' id='word_1_340' title='bbox 1012 4217 1106 4288; x_wconf 89' lang='lat' dir='ltr'>script.</span> <span class='ocrx_word' id='word_1_341' title='bbox 1127 4218 1175 4272; x_wconf 60' lang='lat' dir='ltr'>H*le</span> <span class='ocrx_word' id='word_1_342' title='bbox 1195 4219 1253 4270; x_wconf 56' lang='lat' dir='ltr'>Art.</span> <span class='ocrx_word' id='word_1_343' title='bbox 1286 4218 1369 4287; x_wconf 83' lang='lat' dir='ltr'>Lng.</span> 
     </span>
     <span class='ocr_line' id='line_1_41' title="bbox 192 4289 1369 4360; baseline -0.004 -14"><span class='ocrx_word' id='word_1_344' title='bbox 192 4290 271 4346; x_wconf 77' lang='lat'>1842.</span> <span class='ocrx_word' id='word_1_345' title='bbox 302 4289 523 4360; x_wconf 76' lang='lat' dir='ltr'>„Andautungen</span> <span class='ocrx_word' id='word_1_346' title='bbox 543 4306 592 4344; x_wconf 92' lang='lat' dir='ltr'>zur</span> <span class='ocrx_word' id='word_1_347' title='bbox 612 4289 820 4345; x_wconf 74' lang='lat' dir='ltr'>Teates-Kritik</span> <span class='ocrx_word' id='word_1_348' title='bbox 844 4290 902 4345; x_wconf 92' lang='lat' dir='ltr'>und</span> <span class='ocrx_word' id='word_1_349' title='bbox 919 4289 1079 4359; x_wconf 85' lang='lat' dir='ltr'>Auslegung</span> <span class='ocrx_word' id='word_1_350' title='bbox 1103 4290 1267 4344; x_wconf 72' lang='lat' dir='ltr'>derselben“</span> <span class='ocrx_word' id='word_1_351' title='bbox 1288 4289 1369 4358; x_wconf 83' lang='lat' dir='ltr'>p.38,</span> 
     </span>
     <span class='ocr_line' id='line_1_42' title="bbox 190 4363 551 4433; baseline -0.008 -15"><span class='ocrx_word' id='word_1_352' title='bbox 190 4365 226 4418; x_wconf 79' lang='lat'>47</span> <span class='ocrx_word' id='word_1_353' title='bbox 237 4380 311 4433; x_wconf 86' lang='lat' dir='ltr'>sqq.;</span> <span class='ocrx_word' id='word_1_354' title='bbox 331 4379 357 4432; x_wconf 91' lang='lat' dir='ltr'>p.</span> <span class='ocrx_word' id='word_1_355' title='bbox 371 4363 407 4417; x_wconf 81' lang='lat'>58</span> <span class='ocrx_word' id='word_1_356' title='bbox 417 4378 477 4432; x_wconf 89' lang='lat' dir='ltr'>sqq.</span> <span class='ocrx_word' id='word_1_357' title='bbox 493 4366 551 4416; x_wconf 86' lang='lat' dir='ltr'>etc.</span> 
     </span>
    </p>

    <p class='ocr_par' dir='ltr' id='par_1_9' title="bbox 298 4433 1371 4503">
     <span class='ocr_line' id='line_1_43' title="bbox 298 4433 1371 4503; baseline -0.002 -15"><span class='ocrx_word' id='word_1_358' title='bbox 298 4435 325 4500; x_wconf 84' lang='lat'>5)</span> <span class='ocrx_word' id='word_1_359' title='bbox 346 4434 452 4489; x_wconf 83' lang='lat' dir='ltr'>Tamen</span> <span class='ocrx_word' id='word_1_360' title='bbox 480 4434 640 4503; x_wconf 82' lang='lat' dir='ltr'>negandum</span> <span class='ocrx_word' id='word_1_361' title='bbox 668 4438 791 4489; x_wconf 88' lang='lat' dir='ltr'>nonest</span> <span class='ocrx_word' id='word_1_362' title='bbox 819 4434 914 4486; x_wconf 89' lang='lat' dir='ltr'>multis</span> <span class='ocrx_word' id='word_1_363' title='bbox 938 4434 1010 4487; x_wconf 92' lang='lat' dir='ltr'>locis</span> <span class='ocrx_word' id='word_1_364' title='bbox 1036 4434 1175 4488; x_wconf 88' lang='lat' dir='ltr'>rationem</span> <span class='ocrx_word' id='word_1_365' title='bbox 1201 4433 1328 4488; x_wconf 82' lang='lat' dir='ltr'>Suetonii</span> <span class='ocrx_word' id='word_1_366' title='bbox 1353 4449 1371 4486; x_wconf 86' lang='lat' dir='ltr'>a</span> 
     </span>
    </p>
   </div>
   <div class='ocr_carea' id='block_1_6' title="bbox 0 0 1566 4976">
    <p class='ocr_par' dir='ltr' id='par_1_10' title="bbox 0 0 1566 4976">
     <span class='ocr_line' id='line_1_44' title="bbox 0 0 1566 4976; baseline 0 0"><span class='ocrx_word' id='word_1_367' title='bbox 0 0 1566 4976; x_wconf 95' lang='lat' dir='ltr'> </span> 
     </span>
    </p>
   </div>
  </div>
 </body>
</html>
