3124 4976
727 1005 847 1103 Vita.

304 1239 408 1304 Natus
433 1258 506 1304 sum
531 1238 709 1305 Guilelmus
733 1238 918 1302 Ludovicus
944 1236 1093 1303 Schmidt
1118 1255 1147 1300 a.
1165 1238 1195 1301 d.
1214 1237 1270 1302 IV.
1291 1236 1377 1302 Non.

197 1329 290 1394 Mart.
321 1348 352 1394 a.
378 1331 409 1394 h.
433 1349 461 1393 S.
485 1329 594 1399 LXVL
635 1327 811 1405 Nisteriae‚
842 1329 874 1391 in
903 1345 1006 1409 parvo
1036 1327 1110 1390 vico
1140 1326 1376 1402 Nassovorum,

197 1424 289 1501 patre
313 1419 502 1484 Alexandro
526 1426 727 1497 mercatore,
753 1436 850 1501 quem
868 1438 897 1482 a.
915 1418 946 1481 h.
964 1438 991 1482 s.
1009 1417 1167 1482 LXXXIII
1192 1417 1258 1482 iam
1282 1435 1380 1498 prae-

197 1515 329 1573 matura
363 1515 469 1573 morte
499 1509 577 1571 mihi
606 1514 754 1590 ereptum
779 1527 855 1572 esse
883 1509 998 1589 lugeo,
1023 1513 1128 1571 matre
1153 1506 1378 1589 Philippinae

197 1604 296 1681 gente
313 1598 436 1663 Pickel.
465 1599 558 1662 Fidei
576 1599 726 1663 addictus
744 1618 816 1662 sum
834 1598 1055 1679 evangelicae.
1081 1597 1226 1662 Primum
1242 1597 1377 1662 scholae

196 1689 497 1770 Hachenburgensi,
523 1689 639 1753 deinde
652 1687 864 1768 Neovidensi,
888 1693 1059 1772 postremo
1073 1688 1272 1766 Coloniensi,
1292 1705 1378 1770 quae

197 1779 315 1843 dicitur
340 1776 655 1861 ‘Realgymnasium’
680 1779 833 1856 traditus
860 1797 889 1842 a.
914 1777 945 1840 h.
971 1797 998 1842 s
1016 1776 1163 1841 LXXXV
1185 1778 1376 1841 testimonio

196 1869 392 1934 maturitatis
410 1869 587 1932 instructus
604 1888 685 1933 sum.
722 1868 879 1932 Proximo
905 1885 992 1932 anno
1012 1867 1169 1932 Coloniae
1182 1867 1378 1949 Agrippinae

197 1959 230 2022 in
254 1959 439 2042 gymnasi0,
470 1959 558 2041 quod
593 1977 718 2023 nomen
743 1977 763 2022 a
785 1958 961 2022 Frederico
987 1957 1147 2022 Guilelmo
1175 1975 1252 2038 rege
1279 1957 1377 2035 ducit,

199 2047 334 2113 alterum
373 2049 487 2129 accepi
519 2048 715 2112 maturitatis
744 2049 979 2113 testimonium.
1020 2047 1143 2112 Deinde
1167 2047 1377 2120 Monachium

197 2156 249 2202 me
275 2137 400 2204 contuli
424 2137 540 2200 studIIs
564 2137 769 2218 philologieis
788 2144 822 2202 et
837 2139 1001 2202 historicis
1028 2154 1164 2218 operam
1188 2143 1377 2201 navaturus

196 2227 255 2292 Hic
285 2228 394 2293 audivi
420 2228 569 2307 legentes
594 2226 720 2303 Brunn,
746 2226 912 2306 Carriere,
938 2227 1061 2304 Christ,
1090 2227 1377 2305 Frohschammer,

196 2318 323 2399 Helgel,
340 2318 485 2395 Loeher,
502 2316 628 2396 Prantl,
650 2315 795 2395 Schoell,
815 2317 901 2391 Sitti,
919 2315 1097 2382 Woelfflin
1133 2316 1286 2395 Bonnae,
1312 2336 1377 2399 quo

197 2425 273 2472 vere
305 2425 333 2470 a.
358 2407 390 2470 h.
416 2426 443 2470 s,
468 2405 652 2471 LXXXVIII
687 2405 857 2488 profectus
890 2426 977 2486 sum,
1011 2425 1071 2487 per
1106 2407 1170 2470 trin
1205 2408 1380 2471 semestria

195 2496 318 2562 scholis
336 2495 467 2561 interfui
484 2515 566 2580 quas
585 2496 754 2561 habebant
772 2496 972 2575 Buecheler,
990 2497 1098 2575 Bove,
1111 2496 1245 2575 Nissen,
1263 2497 1376 2575 Bitter,

195 2587 331 2652 Usener.
358 2587 441 2652 Tum
457 2607 509 2652 me
528 2588 658 2669 excepit
678 2587 763 2652 haec
785 2587 871 2652 alma
892 2593 999 2651 mater
1014 2587 1206 2669 Phihppina.
1236 2587 1297 2651 Hic
1318 2588 1378 2651 do-

197 2683 334 2740 cuerunt
351 2695 403 2740 me
420 2677 498 2755 Birt,
517 2676 647 2756 Cohen,
665 2677 815 2755 Fischer,
833 2677 1045 2758 Lamprecht,
1064 2677 1249 2754 Lehmann,
1266 2676 1376 2742 Niese.

195 2765 228 2828 L.
259 2763 422 2840 Schmidt,
452 2766 628 2829 Wissowa.
688 2765 862 2832 Seminarii
894 2767 1187 2832 exercitationibus
1222 2766 1378 2848 philologi

196 2861 231 2918 ut
255 2855 453 2920 interessem
481 2854 623 2935 henigne
652 2855 872 2934 permiserunt
895 2877 947 2920 vv.
972 2857 1026 2920 dd.
1051 2855 1174 2935 Christ,
1200 2856 1376 2933 Woelfflin,

195 2945 335 3022 Usener,
349 2944 432 3021 Birt,
451 2943 485 3007 L.
500 2942 664 3021 Schmidt,
682 2943 829 3008 historici
846 2946 976 3026 Heigel,
989 2945 1097 3024 Bove,
1115 2945 1244 3025 Nissen,
1261 2946 1376 3023 Ritter,

194 3033 408 3114 Lamprecht,
434 3033 620 3111 Lehmann,
649 3031 757 3110 Niese‚
783 3035 995 3116 geographici
1018 3035 1162 3102 Flscher.
1198 3036 1378 3100 Praeterea

196 3123 455 3188 exercitationes
479 3123 728 3206 philosophicas
752 3129 788 3186 ut
813 3124 937 3188 adirem
963 3127 1132 3190 concessit
1153 3146 1182 3192 v.
1202 3127 1231 3190 d.
1250 3125 1376 3190 Cohen.

196 3211 369 3291 Omnibus
405 3214 461 3297 qui
495 3231 547 3278 me
580 3213 812 3278 benevolentia
846 3220 879 3277 et
908 3215 1058 3278 doctrina
1094 3216 1265 3294 adiuvere,
1300 3215 1377 3280 viris

197 3303 299 3367 doctis
323 3305 445 3384 gratias
463 3322 526 3386 ago
543 3322 641 3387 quam
665 3304 842 3381 maximaS,
868 3322 946 3384 prae
972 3305 1089 3368 ceteris
1107 3305 1285 3370 Theodoro
1298 3305 1376 3382 Birt,

196 3393 250 3474 qui
274 3411 349 3456 cum
374 3394 440 3458 hoc
464 3394 658 3475 opusculum
678 3393 891 3471 conficerem,
916 3411 1094 3475 numquam
1118 3394 1196 3458 mihi
1220 3394 1321 3459 defuit
1345 3404 1379 3459 et

195 3488 328 3562 praeter
356 3490 487 3549 ceteros
517 3482 626 3548 fautor
658 3484 853 3566 adiutorque
881 3483 1064 3548 studiorum
1092 3503 1239 3549 meorum
1263 3485 1378 3548 extitit.
