3124 4976
743 313 783 376 21

655 405 869 414 ——--.—-—-.

170 530 342 613 protulisse
381 525 551 592 historiam
581 547 680 610 quam
718 529 831 594 dicunt
869 527 1256 609 pragmatico-criticam,
1298 530 1358 594 sed

171 623 269 686 etiam
305 618 515 683 narrationes
555 616 723 684 fabulosas
765 625 798 684 et
836 617 1067 697 miraculosas,
1110 636 1196 701 quae
1233 625 1290 684 aut
1323 621 1357 683 in

169 711 337 774 hominum
362 726 420 773 ore
447 707 760 774 circumferebantur
783 713 840 773 aut
864 708 897 772 in
914 707 1042 789 scriptis
1059 708 1199 773 traditae
1216 707 1355 774 fuerant.

171 802 279 882 Atque
304 798 417 862 similis
441 797 542 862 luisse
559 798 688 864 videtur
711 798 765 863 hic
782 797 900 883 Hygini
923 797 1006 862 liber
1023 797 1184 879 opusculo
1203 798 1254 863 ‘de
1277 799 1356 864 viris

170 885 361 972 illustribus’
391 886 479 952 urbis
508 888 649 967 Romae,
686 889 777 971 quod
804 906 891 953 nunc
919 886 1031 952 Aureli
1061 887 1203 952 Victoris
1232 906 1356 954 nomen

172 976 331 1061 praefert,
367 977 428 1041 nisi
456 977 544 1060 quod
573 978 606 1041 in
634 978 749 1061 Hygini
776 971 861 1043 libro
890 977 998 1042 maior
1026 982 1116 1042 certe
1142 995 1239 1060 quam
1270 979 1356 1060 apud

171 1070 260 1133 hunc
288 1067 469 1149 apparebat
497 1068 592 1149 copia
618 1067 813 1134 doctrinae’.
850 1067 1016 1132 Aurelium
1047 1073 1156 1132 autem
1185 1067 1356 1134 Victorem

171 1159 256 1222 vitas
282 1176 359 1223 suas
382 1175 442 1239 per
466 1158 595 1239 species
618 1155 837 1223 Suetonianas
870 1158 1074 1238 disposuisse
1099 1177 1120 1222 a
1142 1158 1239 1223 nobis
1265 1178 1356 1224 com-

169 1248 350 1331 probatum
375 1265 451 1311 esse
476 1248 649 1328 opinamur
670 1249 743 1331 (cir.
767 1248 851 1313 infra
875 1265 946 1330 cap.
972 1247 1038 1330 IV).

276 1338 323 1403 De
345 1337 473 1401 Taciti
488 1337 661 1418 Agricolae
688 1339 904 1420 dispositione
933 1343 1010 1419 post
1025 1336 1166 1402 Walchii
1190 1357 1355 1405 commen-

167 1429 329 1493 tationem
353 1445 453 1508 supra
482 1435 794 1508 commemoratam,
820 1447 885 1511 qua
901 1428 1013 1492 'etiam
1038 1428 1078 1491 de
1109 1429 1352 1510 compositione

169 1517 354 1582 accuratius
380 1518 492 1598 agitur,
517 1536 685 1599 perpauca
708 1524 835 1582 tantum
861 1518 1031 1582 afferenda
1055 1523 1141 1582 sunt.

274 1606 358 1671 Nam
388 1625 429 1670 ex
457 1607 689 1673 dissertatione
717 1608 774 1673 illa
802 1608 948 1690 perbene
980 1607 1135 1672 elucescit
1164 1608 1353 1689 Agricolam

170 1699 202 1761 in
226 1698 417 1761 universum
434 1715 476 1762 ex
496 1702 686 1779 temporum
709 1700 841 1764 ratione
862 1699 895 1762 in
914 1697 1063 1762 ordinem
1083 1697 1247 1779 digestum
1264 1717 1353 1765 esse.

168 1787 212 1852 Ut
234 1806 315 1853 vero
338 1787 445 1852 lector
468 1787 583 1852 melius
608 1789 798 1870 perspiciat,
825 1787 993 1871 quomodo
1009 1805 1068 1851 res
1081 1788 1115 1851 in
1134 1787 1352 1854 illustrissimo

167 1877 222 1941 illo
248 1895 349 1959 opere
386 1877 587 1960 panegyrico
622 1878 836 1960 biographiae
866 1879 1039 1942 Romanae
1073 1877 1243 1944 ordinatae
1277 1879 1352 1958 sint,

168 1967 305 2032 schema
329 1967 508 2032 adhibitum
532 1969 647 2049 paucis
671 1968 895 2047 adumbrabo;
921 1967 976 2032 cfr.
1003 1967 1139 2032 Walch
1162 1988 1194 2050 p.
1221 1969 1306 2032 LlX:

279 2058 307 2120 1.
327 2057 500 2143 praefatio
524 2078 550 2121 c.
574 2058 707 2124 Ι-ΙΠ.

278 2145 308 2208 2.
333 2147 476 2211 eruditio
502 2145 678 2231 Agricolae
710 2168 808 2230 usqne
840 2148 886 2211 ad
920 2147 1248 2212 administrationem
1275 2149 1353 2212 Bri-

173 2237 310 2299 tanniae
334 2255 359 2299 c.
384 2236 480 2300 IV-
490 2237 584 2302 VIII.

278 2325 308 2388 3.
333 2326 510 2410 descriptio
548 2327 694 2404 insulae·
737 2346 791 2389 res
829 2327 870 2389 ab
908 2323 1067 2410 Agricola
1101 2331 1203 2390 antea
1239 2333 1352 2410 pastae

169 2434 193 2477 c.
220 2415 430 2480 IX-XVII.

274 2505 305 2571 4.
331 2507 556 2589 enpeditionea
582 2509 620 2570 in
643 2507 831 2570 Britannia
855 2507 985 2592 factae·
1012 2524 1132 2588 pugna
1158 2507 1204 2569 ad
1232 2504 1351 2569 Grani-

160 2596 260 2677 pinrn
284 2602 425 2660 montem
450 2599 624 2661 cornmiasa
647 2617 673 2661 c.
698 2596 732 2658 X
736 2595 969 2660 VIII-XXX
975 2594 1070 2659 VIII.

274 2685 305 2749 ὁ.
331 2686 473 2768 Rornae;
496 2707 599 2767 mors,
626 2707 651 2750 c.
677 2684 996 2749 XXXIX-XLVI.

274 2773 366 2839 Nullo
395 2777 496 2840 modo
525 2778 589 2841 hac
617 2777 650 2838 in
678 2776 746 2840 vita
774 2781 880 2840 artem
910 2773 1150 2842 Suetonianam
1183 2775 1349 2839 excultam

169 2882 242 2928 esse
266 2865 331 2929 iam
347 2864 515 2930 Walchius
544 2867 711 2930 concessit
730 2886 761 2949 p.
780 2864 908 2930 XLVII:
937 2864 1041 2946 „Dass
1066 2863 1173 2927 einem
1195 2863 1351 2929 Kiinstler

167 2954 227 3017 wie
257 2955 390 3020 Tacitus
423 2955 477 3020 bei
506 2956 565 3021 der
593 2956 816 3035 Batrachtung
851 2954 910 3019 des
939 2952 1061 3019 Stolies
1097 2952 1157 3017 das
1192 2972 1255 3017 nur
1291 2973 1350 3018 zur

166 3043 454 3125 Ungriindlichkeit
477 3045 542 3110 und
561 3045 742 3112 Seichtheit
765 3043 926 3109 fiihrende
943 3042 1184 3125 rhapsodische
1202 3042 1348 3108 Schema

165 3135 256 3198 eines
287 3133 414 3200 Sueton
443 3135 531 3200 nicht
559 3153 703 3217 zusagen
731 3137 855 3200 konnte
886 3135 940 3218 (so
965 3133 1213 3199 unverichtlich
1237 3134 1348 3198 dieser

165 3222 396 3289 Schriitsteller
426 3223 477 3290 fiir
505 3245 565 3289 uns
598 3227 665 3308 ist),
700 3224 820 3290 bedarf
849 3225 937 3289 wohl
971 3225 1070 3288 kaum
1107 3223 1200 3287 einer
1227 3223 1348 3288 Recht-

163 3312 335 3396 fertigung.
370 3315 612 3396 Ehensowenig
634 3316 760 3380 konnte
786 3315 839 3379 ein
862 3315 934 3379 rein
957 3313 1253 3394 chronologisches
1272 3315 1348 3377 dom

163 3403 251 3467 nach
279 3405 410 3470 innerer
432 3405 697 3486 Notwendigkeit
726 3405 785 3470 des
810 3404 998 3469 Erkannten
1029 3403 1230 3467 strebenden
1256 3403 1349 3470 Geist

163 3497 333 3575 geniigen“
362 3494 435 3578 (cfr.
460 3495 534 3559 hist.
558 3495 580 3560 l.
606 3495 663 3578 4.).
1203 3508 1208 3513 ·

272 3583 337 3647 Iam
362 3603 441 3650 vero
467 3585 509 3650 ab
531 3585 658 3667 Hygino
684 3590 717 3648 ot
738 3583 865 3664 Nepote
891 3585 932 3648 ad
956 3585 1047 3664 ipsos
1064 3580 1211 3646 Graecos
1230 3582 1346 3647 oculos

162 3678 434 3755 retrovertamus;
475 3674 583 3740 nullus
618 3674 686 3739 fere
723 3675 864 3756 scriptor
896 3672 954 3736 luit
985 3673 1156 3737 Romanus
1190 3673 1245 3753 qui
1277 3691 1346 3736 non

166 3761 295 3828 Graeca
311 3765 513 3846 exemplaria
528 3783 627 3830 manu
643 3770 807 3844 versaret3
825 3763 946 3827 nullum
963 3762 1031 3829 iere
1044 3780 1147 3843 genus
1163 3761 1358 3838 litterarum,

165 3857 217 3915 est
243 3853 296 3917 cui
323 3854 414 3936 leges
444 3873 511 3919 non
535 3855 809 3937 praescripserint
834 3853 961 3920 Gracci.
997 3853 1088 3917 ldem
1113 3851 1153 3916 de
1183 3856 1252 3914 arte
1275 3852 1346 3916 bio-

161 3942 317 4024 graphica
333 3942 538 4010 Suetoniana
557 3944 664 4009 valere
686 3944 752 4008 iam
772 3962 832 4024 per
856 3962 892 4007 se
917 3943 997 4007 satis
1015 3941 1188 4006 verisimile
1206 3941 1344 4006 dicetur.

159 4031 273 4097 Pauca
296 4052 377 4098 vero
402 4041 479 4099 sunt
503 4053 586 4118 quae
612 4033 832 4099 demonstrari
855 4034 994 4114 possint.

267 4123 352 4188 Nam
391 4125 424 4188 in
463 4124 563 4189 dubio
604 4124 682 4188 mihi
721 4123 971 4205 relinquendum
1008 4127 1074 4200 est,
1114 4125 1221 4184 utrum
1257 4120 1345 4200 apud

160 4209 363 4278 Graecorum
397 4215 540 4278 vitarum
582 4215 759 4296 scriptores
796 4213 926 4295 species
961 4213 1034 4277 illae
1074 4210 1140 4274 iarn
1179 4209 1343 4274 adhibitae

161 4302 226 4366 sint
252 4321 373 4368 necne.
406 4304 593 4386 Perpauca‚
630 4321 714 4386 quae
744 4304 776 4367 in
805 4302 1006 4368 Plutarchi
1040 4301 1113 4366 vitis
1141 4299 1251 4363 inveni
1279 4300 1344 4364 hnc

162 4394 348 4474 spectantia
373 4394 522 4473 alteram,
552 4412 751 4479 quamquam
776 4399 869 4460 certa
896 4393 978 4458 illius
1002 4411 1083 4460 usus
1107 4390 1244 4474 vestigia
1268 4407 1342 4456 esse
