3124 4976
762 338 791 428 6,

181 580 214 642 in
232 578 331 643 rebus
355 580 491 662 publicis
514 580 749 645 instituendam
767 586 945 646 uterentur.
994 582 1066 663 Quo
1092 582 1213 649 lactum
1239 592 1303 661 est,
1328 592 1366 650 ut

182 687 251 732 non
285 675 354 734 tam
388 670 567 735 maioribus
606 675 687 733 natu
730 687 829 752 quam
866 671 977 752 pueris
1010 673 1062 738 vel
1095 675 1362 740 adulescentibus

181 758 295 823 laudes
320 760 478 824 nobilium
494 761 638 824 virorum
656 759 868 825 destinarent.
904 760 996 826 Adde
1022 764 1111 846 quod
1135 783 1216 845 prae
1242 766 1365 830 ceteris

183 850 373 914 nationibus
395 850 535 933 antiquis
551 849 691 913 Romani
713 851 848 914 omnino
866 850 970 915 laudis
993 857 1090 935 atque
1108 854 1230 935 gloriae
1248 873 1364 920 amore

181 940 308 1004 incensi
336 939 477 1005 luerunt.
518 938 591 1018 Quo
622 939 751 1002 accedit
779 958 882 1003 causa
910 959 951 1004 ex
980 942 1111 1022 pietatis
1140 961 1239 1008 sensu
1268 963 1362 1026 repe-

180 1030 296 1107 tenda,
326 1048 391 1112 qua
418 1036 455 1094 ut
478 1030 639 1094 maiorum
663 1030 859 1093 memoriam
889 1031 1098 1096 sanctissime
1124 1041 1366 1098 conservarent

179 1120 309 1201 impulsi
340 1125 425 1186 sunt.
471 1118 592 1185 Omitto
629 1119 694 1182 iam
728 1118 838 1199 plures
875 1137 1042 1200 exponere
1080 1141 1214 1202 causas3
1254 1141 1363 1206 neque

181 1209 308 1290 dubito,
334 1211 410 1292 quin
425 1209 479 1292 qui
495 1210 529 1273 in
546 1207 749 1274 Graecorum
773 1208 887 1272 litteris
905 1217 1069 1290 versetur,
1094 1230 1248 1293 magnam
1272 1213 1361 1277 illam

178 1301 263 1364 inter
286 1299 348 1363 hos
374 1305 407 1363 et
430 1299 602 1363 Romanos
628 1298 884 1379 discrepantiam
913 1318 1043 1364 morum
1072 1301 1238 1383 intellegat
1261 1309 1363 1386 atque

178 1389 368 1471 persentiat.
745 1402 747 1407 ·

287 1478 411 1558 Quodsi
447 1478 703 1557 interrogamus,
735 1477 811 1558 quid
836 1495 877 1541 ex
901 1478 964 1542 hac
987 1479 1096 1546 indole
1126 1499 1225 1564 quam
1250 1484 1362 1548 adum·

179 1568 271 1632 bravi
295 1574 404 1632 ortum
429 1568 481 1645 sit,
506 1565 601 1631 facile
627 1566 800 1648 apparebit
823 1567 994 1648 plurimum
1017 1589 1091 1635 eam
1117 1572 1267 1637 attulisse
1292 1593 1360 1640 non

179 1658 286 1724 solum
316 1659 357 1722 ad
382 1662 683 1738 rerumgestarum
713 1657 849 1720 annales
877 1658 1031 1739 publicos
1055 1661 1266 1741 scribendos
1298 1665 1359 1728 sed

179 1749 279 1813 etiam
304 1748 345 1812 ad
362 1747 559 1828 singularum
584 1747 729 1828 gentium
746 1746 971 1812 Romanorum
994 1752 1255 1815 commentarios
1280 1770 1359 1818 con-

177 1839 351 1916 ficiendos
376 1855 417 1901 ne
443 1836 562 1902 oblivio
588 1854 701 1925 eorum
726 1843 833 1911 esset,
859 1855 942 1921 quae
968 1838 1104 1921 quisque
1129 1841 1296 1921 sapienter
1318 1861 1362 1906 ae

178 1929 305 1994 sortiter
333 1928 465 2008 egisset.
501 1925 571 1990 Nec
604 1928 865 2007 praetermittam
900 1927 1077 1991 tradidisse
1102 1927 1264 1994 Catonem
1293 1932 1359 1996 iarn

179 2017 411 2100 antiquissimis
449 2015 656 2097 temporibus
695 2017 858 2081 maiorum
902 2016 1016 2080 laudes
1056 2017 1242 2082 celebratas
1282 2038 1360 2084 esse

178 2107 388 2173 carminibus

286 2196 396 2276 Quare
421 2195 486 2259 iam
510 2195 685 2277 antiquitus
711 2193 904 2258 oriebantur
928 2196 1156 2260 commentarii
1172 2197 1359 2274 domestici,

177 2287 384 2352 laudationes
422 2284 592 2362 funebres,
639 2283 760 2364 elogia,
802 2289 993 2362 stemmata,
1033 2283 1155 2366 postea
1184 2294 1294 2352 autem
1324 2295 1361 2354 et

177 2379 265 2442 vitae
303 2385 336 2440 et
377 2374 687 2455 autobiographiae,
732 2391 869 2456 quarum
917 2374 1046 2455 quidem
1085 2377 1232 2440 maxima
1271 2379 1359 2458 apud

177 2469 348 2533 Romanos
373 2465 471 2545 copia
494 2464 659 2544 exstititl).
693 2462 741 2526 Ex
765 2463 829 2540 his,
856 2481 937 2544 quas
962 2465 1166 2542 enumeravi,
1192 2466 1361 2532 radicibus

178 2559 278 2623 etiam
301 2554 527 2636 biographiam
552 2553 777 2616 Romanorum
803 2557 914 2616 natam
940 2571 1015 2616 esse
1039 2559 1141 2633 patet.

286 2645 441 2727 Sequitur
464 2648 498 2706 ut
522 2643 678 2722 singulas,
704 2641 822 2724 quibus
846 2642 912 2706 hoe
936 2660 1039 2722 genus
1062 2642 1220 2709 historiae
1246 2645 1360 2709 excul-

176 2744 245 2801 tum
263 2742 327 2813 est,
345 2739 471 2798 aetates
488 2732 604 2813 paucis
619 2730 729 2795 verbis
747 2731 980 2796 describamus.
1008 2730 1099 2796 Sicut
1115 2733 1204 2797 enim
1222 2737 1359 2800 omnino

175 2828 356 2891 litterarum
372 2824 596 2887 Romanarum
620 2821 766 2885 rationes
792 2820 1025 2902 areipublicae
1050 2820 1158 2886 forma
1182 2830 1214 2888 et
1230 2825 1360 2889 vicibus

177 2916 303 2997 seiungi
331 2931 400 2977 non
429 2917 565 2994 queunt,
594 2911 640 2974 ita
674 2911 812 2974 vitarum
849 2911 1128 2992 conscriptionem
1157 2930 1199 2976 ea
1225 2913 1362 2978 libertas

176 3006 349 3070 moderata
381 3008 444 3079 est,
482 3018 567 3084 quae
604 3001 667 3064 alia
704 3000 774 3064 aliis
809 3000 1014 3081 temporibus
1046 3001 1171 3066 civibus
1199 3003 1360 3068 Romanis

175 3093 429 3162 concedebatur.

282 3183 392 3248 Prima
415 3180 571 3244 historiae
589 3180 760 3243 Romanae
778 3185 886 3259 parte,
913 3197 1010 3261 quam
1028 3178 1254 3247 Gracchorum
1272 3200 1359 3246 aevo

173 3275 398 3350 terminamus,
418 3288 532 3335 eorum
548 3269 759 3334 saeculorum
775 3268 950 3332 decursum
964 3269 1221 3350 complectimur,
1240 3273 1358 3354 quihus

174 3362 362 3445 respublica
396 3363 430 3425 in
466 3378 629 3424 summum
664 3359 837 3439 potestatis
874 3356 1036 3439 fastigium
1074 3360 1232 3424 escendit.
1286 3361 1359 3441 Qua

174 3460 282 3518 aetate
308 3453 374 3516 iam
397 3452 484 3514 iacta
507 3455 583 3513 sunt
605 3447 817 3528 biographiae
838 3449 1031 3529 posterioris
1055 3454 1223 3532 tamquam
1239 3449 1357 3512 funda·

174 3549 300 3608 menta:
326 3541 558 3622 inscriptiones
583 3544 873 3603 monumentorum
899 3545 1167 3603 ornamentorum
1188 3538 1358 3619 sepulcro-

173 3652 246 3697 rum
268 3639 451 3696 statuarum
477 3630 640 3694 donorum
655 3628 854 3705 votivorum,
873 3634 1063 3706 stemmata,
1084 3628 1226 3706 indices,
1250 3629 1358 3710 elogia

173 3721 368 3804 imaginibus
386 3719 562 3802 insculpta,
582 3718 812 3782 commentarii
829 3718 1018 3795 domestici,
1038 3718 1231 3799 quinetiam
1251 3719 1357 3799 prima

174 3811 464 3893 autobiographiae
495 3809 628 3889 initiat).
664 3807 698 3871 ln
722 3807 814 3870 hisce
843 3808 909 3871 iam
933 3807 1146 3887 biographiae
1170 3807 1266 3870 initiis
1290 3809 1358 3872 Ro-

172 3920 291 3967 manos
309 3899 510 3966 Graecorum
534 3916 629 3962 usum
655 3903 790 3962 secutos
807 3915 882 3961 esse
900 3902 932 3960 et
950 3915 990 3960 ex
1007 3896 1085 3977 ipsis
1100 3894 1211 3960 verbis
1228 3895 1355 3978 ‘elogia’

173 3993 370 4056 ‘stemmata'
400 3995 433 4054 et
461 4008 503 4054 ex
532 3987 758 4069 sepulcrorum
785 3985 1052 4068 inscriptionibus
1081 3991 1114 4048 et
1137 3991 1208 4050 tota
1232 4005 1267 4051 re
1293 3987 1358 4067 epi-

171 4082 327 4164 graphica
351 4081 467 4144 elucet.

279 4313 305 4380 1)
324 4312 474 4381 Scrinpar,
495 4310 530 4366 de
550 4308 781 4379 autobiographis
799 4308 1000 4365 Romanorum.
1030 4306 1139 4361 Leiden
1159 4302 1238 4357 1846.

277 4383 304 4453 2)
325 4384 416 4438 Taciti
442 4382 572 4452 Agricola
601 4398 624 4436 c.
648 4382 671 4447 l;
708 4381 762 4433 Otr.
787 4380 864 4432 Brut.
884 4378 930 4445 23;
961 4379 996 4433 de
1021 4395 1061 4433 or.
1085 4379 1104 4435 l.
1129 4376 1176 4443 533
1203 4375 1356 4443 Surinpar,

169 4457 186 4514 l.
206 4457 223 4510 l.
244 4473 268 4525 p.
285 4457 374 4526 lsqq.
