3124 4976
729 351 772 414 41

642 443 857 450 μ--ω--ι-

267 560 339 630 Alia
371 571 481 630 autem
514 566 613 630 etiam
642 566 826 632 differentia
853 584 958 649 eaque
987 567 1093 630 minor
1124 569 1157 631 in
1185 568 1239 631 his
1267 568 1341 631 vitis

156 655 256 720 nobis
281 656 434 721 occurrit.
475 655 648 720 Adiectum
676 658 761 720 enirn
795 656 920 720 habent
948 657 988 719 ad
1018 657 1212 738 particulam
1240 657 1340 736 illam,

156 764 242 829 quae
268 751 318 810 est
344 747 384 810 de
408 751 530 824 morte,
557 747 667 824 aliam,
693 766 758 829 qua
783 748 823 811 de
848 751 957 810 aetate
974 747 1034 810 viri
1059 747 1173 828 agitur,
1200 765 1342 830 quocum

157 837 252 918 plura
292 854 422 919 quoque
463 837 618 918 coniungi
662 836 781 916 solent,
819 855 903 919 quae
941 841 1084 900 mortem
1124 837 1341 919 excipiebant.

156 927 320 990 Excursus
344 927 377 989 hi
401 931 477 990 sunt
492 924 546 989 fini
569 926 706 990 vitarum
734 927 864 1005 inserti,
889 927 1001 1009 quales
1023 927 1120 990 etIam
1137 927 1171 990 in
1188 927 1341 992 Caesaris

161 1015 422 1098 c.LXXXVsq.‚
448 1015 643 1096 Vespasiani
671 1035 697 1079 c.
717 1016 820 1094 XXV,
846 1016 1021 1079 Domitiani
1039 1035 1066 1083 c.
1086 1016 1192 1081 XXIII
1215 1017 1342 1081 inveni-

162 1123 241 1169 mus,
277 1103 525 1170 Commentario
549 1105 644 1187 igitur
667 1125 735 1170 non
759 1107 911 1187 indigent.

268 1194 336 1258 lam
361 1196 551 1260 accedimus
576 1196 618 1259 ad
641 1197 787 1260 ultimam
811 1197 931 1260 seriem
948 1196 1128 1262 Caesarum
1146 1213 1166 1258 a
1182 1194 1341 1261 Suetonio

157 1289 389 1363 tractatorum,
415 1285 456 1349 ad
479 1285 609 1350 Flavius
643 1287 778 1373 scilicet.
826 1286 956 1351 Novum
987 1285 1136 1350 ordinem
1165 1304 1275 1350 rerum
1310 1292 1343 1350 ut

158 1375 299 1455 scriptor
325 1376 367 1439 ad
391 1375 454 1438 hos
481 1375 717 1440 describendos
734 1394 801 1440 non
823 1376 884 1440 sibi
908 1376 1012 1454 finxit,
1038 1375 1085 1438 ita
1101 1375 1341 1456 Vespasianum

158 1470 192 1528 et
216 1463 325 1528 Titum
361 1463 429 1529 sere
466 1465 499 1526 in
526 1465 693 1544 Iuliorum,
718 1465 941 1530 Domitianum
969 1467 1003 1529 in
1030 1464 1172 1529 Neronis
1202 1472 1234 1530 et
1263 1466 1342 1530 sub-

157 1555 365 1637 sequentium
382 1555 562 1636 principum
579 1556 742 1620 rationem
761 1555 959 1638 composuit.
991 1555 1203 1636 Quapropter
1221 1557 1260 1619 de
1278 1556 1342 1620 hac

157 1644 298 1707 vitarum
324 1644 423 1708 classi
446 1645 561 1726 paucis
588 1645 714 1709 absolvi
736 1651 848 1728 potest
871 1645 1063 1710 transactio.

264 1734 302 1798 Et
326 1752 414 1798 nova
436 1735 567 1816 quidem
592 1737 721 1816 species
745 1737 906 1817 reperitur
929 1737 961 1799 in
986 1734 1181 1816 Vespasiani
1203 1754 1229 1799 c.
1250 1735 1341 1800 XXII

157 1829 190 1888 et
217 1823 392 1888 Domitiani
422 1842 449 1887 c.
476 1825 550 1888 XXI
580 1843 633 1903 ea,
671 1845 737 1909 qua
768 1827 857 1890 diota
892 1824 1118 1890 memorabilia
1154 1825 1222 1890 sive
1260 1844 1341 1907 apo-

155 1914 369 1995 phthegmata
386 1914 568 1980 traduntur.
610 1914 817 1998 Quamquam
835 1917 921 1980 enim
937 1915 1015 1980 talia
1040 1915 1139 1979 etiam
1163 1916 1195 1978 in
1221 1913 1342 1979 ceteris

156 2021 318 2085 persaepe
342 2003 437 2067 nobis
455 2011 636 2069 occurrunt
661 2004 732 2090 (cir.
751 2023 801 2070 ex.
820 2025 864 2087 gr.
891 2006 1000 2071 Caes.
1020 2023 1046 2070 c.
1066 2004 1120 2084 30,
1137 2004 1191 2083 31,
1210 2005 1263 2082 32,
1282 2005 1340 2084 343

159 2093 250 2172 Aug.
276 2092 374 2170 c.13,
396 2094 436 2155 16
458 2098 520 2158 etc.
544 2095 634 2178 eta),
664 2101 776 2159 tamen
798 2096 832 2159 in
859 2094 1049 2180 ,speciem“
1075 2095 1275 2176 peculiarem
1298 2095 1342 2158 ibi

161 2198 230 2244 non
254 2187 411 2262 congesta
435 2190 517 2247 sunt.

267 2270 443 2336 Praeterea
468 2272 508 2336 de
534 2273 742 2355 Vespasiano
777 2273 855 2337 nihil
884 2273 1073 2337 addendum
1105 2278 1170 2351 est,
1201 2292 1273 2337 cum
1300 2274 1340 2338 de

160 2377 312 2424 excursuw
335 2362 420 2427 vitae
457 2369 625 2427 extremae
662 2364 875 2446 Interposito,
913 2382 979 2445 quo
1009 2363 1049 2428 de
1083 2363 1250 2444 geniturae
1279 2364 1341 2428 fide

161 2450 280 2530 agitur,
303 2452 370 2515 iam
393 2472 495 2535 supra
509 2453 614 2518 verba
637 2452 725 2517 faeta
749 2454 820 2518 sint.
858 2453 904 2517 De
930 2452 1193 2517 slmilitudinibus
1220 2460 1340 2532 autem,

162 2558 246 2622 quae
270 2541 354 2606 inter
380 2542 487 2607 Titum
516 2549 549 2607 et
573 2542 761 2608 Caesarem·
777 2544 1002 2622 intercedunt,
1027 2543 1060 2606 in
1083 2561 1157 2624 pag.
1177 2542 1219 2606 35
1245 2561 1343 2607 aceu-

158 2631 261 2694 ratius
290 2633 504 2713 exposuimus
533 2651 640 2716 neque
670 2634 777 2697 minus
807 2653 839 2715 p.
861 2632 904 2698 35
933 2634 966 2696 in
996 2633 1067 2697 Tito
1092 2633 1342 2714 explanavimus

159 2719 259 2801 partis
286 2723 325 2784 de
350 2723 417 2786 vita
438 2723 568 2805 privata
591 2722 755 2787 insolitam
772 2723 969 2788 brevitatem
993 2741 1034 2786 ex
1059 2723 1215 2786 socordIa
1239 2723 1342 2804 scrip—

159 2811 240 2874 toris
265 2830 334 2875 non
359 2830 433 2876 esse
460 2813 682 2876 derivandam.

266 2900 443 2966 Domitiani
468 2903 607 2986 denique
623 2903 725 2968 vitam
749 2903 893 2984 pessime
920 2901 1067 2965 omnium
1091 2902 1284 2983 dispositam
1309 2907 1342 2966 et

162 2993 381 3071 compositam
406 3011 495 3070 esse,
521 2993 566 3055 ita
589 2997 624 3057 ut
647 2992 873 3074 imperfectam
892 3010 966 3056 esse
985 2991 1044 3056 viri
1070 2992 1161 3056 docti
1185 2991 1343 3073 suspicati

159 3079 225 3143 sint
249 3081 398 3160 (Ranke
423 3082 441 3145 l.
467 3083 513 3164 l.),
539 3100 638 3164 supra
662 3082 1007 3161 commemoravimus,
1046 3081 1263 3147 Nihilominus
1289 3081 1343 3164 qui

161 3169 346 3251 diligentius
376 3189 451 3236 eam
481 3171 675 3254 inspexerit,
706 3172 801 3238 Iacile
831 3172 997 3253 intelleget
1024 3171 1176 3250 Neronis,
1204 3170 1341 3250 Galbae,

160 3258 308 3340 Othonis,
326 3261 443 3326 Vitellii
466 3263 643 3344 praecipue
662 3261 798 3327 schema
813 3262 846 3327 in
863 3280 904 3327 ea
925 3262 1045 3326 iterari.
1072 3262 1167 3342 Quod
1184 3261 1343 3343 imprimis

158 3349 233 3413 inde
260 3357 411 3432 apparet,
443 3353 530 3434 quod
559 3371 650 3417 mors
680 3354 800 3417 eodem
829 3357 971 3417 tractata
1001 3358 1053 3415 est
1080 3349 1156 3416 loeo
1187 3355 1285 3434 atque
1311 3351 1343 3415 in

159 3439 210 3502 his
236 3459 320 3522 quos
346 3442 411 3505 dixi
433 3441 646 3524 principibus.

269 3529 324 3594 Sic
347 3532 483 3596 tandem
500 3531 724 3614 dispositionis
742 3531 892 3612 artificia,
918 3549 1003 3614 quae
1021 3529 1197 3597 Suetonius
1218 3532 1252 3595 in
1267 3530 1342 3596 vitis

160 3620 322 3699 exercuit,
352 3622 559 3686 excussimus
588 3621 656 3686 fere
686 3622 796 3686 omnia
825 3627 921 3704 atque
952 3622 1048 3685 istam
1074 3621 1261 3703 disputandi
1286 3641 1343 3686 ex-

161 3704 328 3774 hausimus
352 3713 533 3776 materiem.
571 3710 730 3793 Superest
753 3718 789 3777 ut
812 3713 927 3794 paucis
952 3712 1228 3792 complectamur,
1259 3729 1342 3794 quae

162 3811 277 3860 eruere
302 3799 410 3864 adhuc
435 3801 498 3865 hac
523 3802 804 3866 commentatIOne
830 3803 941 3866 conati
965 3821 1090 3865 sumus.

272 3885 463 3953 Suetonium
488 3891 520 3953 in
545 3893 732 3956 universum
749 3893 834 3956 viam
850 3893 1017 3974 propriam
1042 3891 1197 3956 narrandi
1220 3898 1253 3954 et
1279 3891 1343 3954 dis-

160 3977 308 4054 ponendi
352 4019 361 4023 --
399 3999 496 4063 quam
521 3983 652 4064 quidem
681 3981 770 4046 nullo
801 3983 902 4046 modo
927 3982 1139 4046 Monumento
1164 3981 1342 4063 Ancyrano

160 4063 261 4128 debet
289 4105 325 4112 --
353 4068 385 4131 in
412 4070 565 4135 omnibns
594 4073 644 4134 his
672 4072 747 4136 vitis
771 4071 979 4154 aequabilem
1011 4070 1201 4135 adhibuisse
1232 4089 1341 4153 neque

159 4154 201 4218 ab
219 4155 270 4219 illa
288 4157 351 4222 nisi
368 4160 483 4240 paucis
509 4160 590 4223 locis
614 4161 719 4244 iisque
744 4162 880 4226 minoris
903 4163 1060 4226 momenti
1078 4160 1251 4225 deflexisse
1276 4161 1341 4223 iam

160 4246 327 4311 neminem
354 4249 497 4313 l‘uturum
525 4268 600 4314 esse
625 4269 797 4332 speramus
823 4253 875 4334 qui
899 4251 1062 4316 infitietur.
1098 4250 1231 4316 Certam
1255 4250 1343 4313 enIm

160 4341 193 4398 et
228 4338 380 4404 stabilem
418 4338 481 4403 sibi
517 4341 626 4422 operis
663 4341 802 4423 effigiem
838 4343 982 4423 scriptor
1009 4342 1119 4406 animo
1154 4339 1341 4419 delineavit,

159 4443 257 4507 quarn
282 4435 316 4492 ut
338 4448 393 4495 res
417 4428 561 4510 ferebat,
587 4432 647 4496 sed
670 4450 771 4513 parce
796 4433 1020 4498 eommutavit.
1069 4430 1123 4496 Sic
1147 4429 1281 4515 Iactum,
1307 4434 1343 4493 ut
