3124 4976
802 313 846 378 48

716 405 930 412 ——-—-.---

234 545 308 591 cum
340 527 604 592 continuatorem
633 532 703 590 tum
731 527 931 592 imitatorem
960 526 1060 595 luisse
1085 548 1183 612 quam
1207 531 1415 595 accuratissi-

232 616 362 700 muml).
412 614 526 698 Neque
557 616 769 680 dubitandum
799 617 868 695 erit,
898 618 974 699 quin
998 638 1109 684 rerum
1138 620 1310 685 adornatio
1340 621 1414 684 talis

232 705 340 786 luerit,
358 705 488 788 qualem
506 706 591 786 apud
604 705 791 770 Muellerum
810 708 854 791 (p.
872 705 949 793 124)
966 711 1238 774 reconcinnatam
1253 710 1411 789 videmus
1530 726 1532 739 ¹

235 815 315 878 „per
340 796 492 877 species“
519 796 643 860 scilicet
673 797 835 861 ordinata.
877 796 1000 864 Omnes
1024 818 1119 878 vero,
1151 799 1205 882 qui
1228 807 1349 882 postea
1372 802 1411 866 de

232 884 296 949 hac
320 904 355 950 re
382 886 631 969 scripserunt2),
657 887 743 950 illum
767 887 873 951 secuti
897 894 973 951 sunt
989 890 1094 954 virum
1112 891 1255 954 doctum.
1288 889 1413 970 Quibus

232 975 273 1039 de
310 975 420 1039 causis
455 977 570 1057 paucis
607 983 732 1041 tantum
768 977 801 1039 in
836 977 965 1042 ratione
1002 998 1022 1043 a
1056 979 1197 1044 Maximo
1235 979 1414 1046 observata

231 1065 489 1130 immorabimur.

341 1153 468 1236 Optime
499 1155 578 1218 mihi
609 1156 649 1220 de
678 1156 742 1220 hac
771 1173 805 1219 re
842 1155 1037 1223 disseruisse
1067 1159 1195 1224 videtur
1222 1159 1414 1225 Muellerum

235 1250 368 1310 secutus
397 1245 565 1326 Adolphus
593 1245 809 1311 Dreinhoeler
838 1245 869 1329 (l.
894 1245 913 1309 l.
938 1268 969 1328 p.
995 1249 1120 1332 8-11)
1151 1249 1243 1314 cuius
1267 1251 1414 1315 tabulam
1530 1308 1531 1316 ,

231 1335 265 1398 in
287 1353 360 1416 pag.
387 1335 406 1398 9
430 1335 637 1417 propositam
660 1336 725 1400 hoc
749 1337 823 1400 loco
848 1336 966 1402 afferre
991 1339 1090 1404 liceat
1106 1337 1150 1425 (p.
1165 1338 1233 1426 49).

340 1424 377 1488 ln
407 1425 558 1490 omnibus
587 1425 684 1506 igitur
712 1426 760 1489 eis
785 1426 873 1506 vitis,
904 1446 988 1510 quae
1017 1430 1084 1494 iam
1112 1430 1297 1496 aMaximo
1323 1450 1414 1496 com-

232 1515 362 1596 positae
389 1520 483 1578 erant
507 1533 654 1597 quasque
671 1517 878 1597 posteriores
896 1519 1155 1600 compilaverunt
1171 1522 1352 1602 scriptores
1369 1559 1413 1568 -

232 1609 389 1686 quantum
415 1623 455 1668 ex
484 1604 673 1686 fragmentis
704 1607 903 1672 concludere
932 1609 1008 1674 licet
1036 1649 1081 1656 -—
1110 1616 1219 1675 certas
1252 1612 1411 1694 quasdam

235 1695 366 1776 species
391 1695 473 1758 alias
498 1695 561 1759 alio
587 1697 688 1761 modo
715 1698 884 1762 ordinatas
908 1703 1006 1783 atque
1031 1701 1109 1763 nibil
1132 1718 1207 1764 csse
1232 1719 1414 1782 recognos-
1532 1740 1534 1759 ι

234 1785 352 1864 cimus,
379 1785 468 1867 quod
492 1804 559 1850 non
582 1785 615 1849 in
637 1787 677 1849 iis
701 1788 810 1852 locum
835 1788 990 1852 idoneum
1016 1789 1192 1869 acceperit.

341 1874 430 1954 Quas
460 1875 589 1957 species
620 1877 689 1941 sive
713 1895 821 1942 rerum
845 1882 957 1957 partes
981 1895 1078 1940 nemo
1109 1877 1169 1940 erit
1193 1877 1247 1958 qui
1271 1895 1339 1940 non
1360 1882 1412 1940 ta-

233 1963 311 2028 bula
333 1965 485 2046 inspecta
508 1965 669 2047 percipiat
686 1967 820 2031 easdem
837 1964 905 2028 fere
923 1983 998 2029 esse
1017 1966 1103 2047 apud
1119 1964 1295 2029 Maximum
1313 1970 1411 2048 atque

231 2055 317 2136 apud
353 2053 558 2133 Suetonium,
596 2056 710 2118 ordine
747 2054 847 2117 modo
884 2060 1018 2118 servato
1054 2056 1155 2120 modo
1196 2060 1410 2120 commutato.

232 2144 395 2208 Maximus
420 2146 517 2226 igitur
533 2145 617 2208 vitas
641 2143 821 2224 principum
845 2143 892 2207 ita
915 2144 1088 2224 diviserat,
1113 2151 1148 2210 ut
1172 2145 1262 2210 initio
1280 2145 1321 2210 de
1347 2146 1412 2210 ori-

231 2235 303 2315 gine
341 2241 439 2318 atque
475 2234 596 2298 familia
631 2238 665 2297 et
693 2232 734 2298 de
762 2233 902 2314 pueritia
930 2234 1095 2319 rebusque
1126 2241 1202 2300 aute
1238 2235 1412 2318 imperium

231 2325 332 2404 gestis
369 2344 410 2388 ex
444 2331 629 2404 temporum
666 2323 782 2388 ordine
819 2324 958 2404 diceret,
994 2325 1110 2390 deinde
1145 2325 1282 2407 irnperio
1312 2329 1411 2409 atque

230 2415 379 2479 moribus
403 2420 438 2478 ut
463 2413 578 2496 cuique
604 2429 718 2477 eorum
742 2431 803 2496 par
827 2421 918 2478 esset
942 2415 1116 2496 expositis,
1141 2421 1218 2497 post
1242 2421 1411 2479 narratam

230 2510 373 2568 mortem
407 2504 543 2568 brevem
577 2521 741 2584 personae
778 2504 1049 2586 descriptionem,
1090 2505 1235 2569 tabulam
1273 2524 1410 2588 operum.

230 2593 449 2676 publicorum,
480 2593 573 2674 signa
596 2593 725 2671 mortis,
755 2593 901 2658 honores
925 2595 1046 2659 mortui
1075 2595 1284 2676 imperatoris
1309 2601 1343 2660 et
1365 2596 1412 2658 iu-

233 2685 354 2748 dicium
377 2683 500 2765 populi,
525 2688 602 2747 acta
625 2682 769 2764 publiea,
794 2688 980 2765 temporum
1006 2685 1244 2767 descriptiones
1262 2686 1408 2750 adderet.

229 2774 320 2837 Haec
346 2773 399 2836 illa
428 2778 479 2836 est
506 2774 648 2854 partium
677 2773 795 2852 serieS,
826 2792 924 2856 quam
953 2776 1040 2857 apud
1064 2774 1256 2841 Suetonium
1281 2776 1314 2839 in
1337 2775 1409 2840 vitis

231 2861 372 2928 Neronis
407 2868 439 2928 et
467 2862 739 2946 subsequentium
774 2864 1010 2946 imperatorum
1045 2883 1146 2948 supra
1180 2867 1224 2948 (p.
1253 2865 1295 2931 27
1325 2884 1411 2949 sqq.;

230 2973 260 3035 p.
286 2953 331 3017 40
354 2953 441 3038 sqq.)
466 2955 619 3018 eruimus.

802 3095 843 3166 2.

341 3223 446 3288 Valde
464 3222 642 3287 dolendum
660 3227 726 3293 est,
752 3220 841 3302 quod
856 3238 898 3284 ne
917 3220 1051 3284 alterius
1068 3221 1197 3303 quidem
1214 3224 1411 3306 scriptorum

231 3312 394 3376 Historiae
417 3311 582 3392 Augustae
609 3311 705 3375 lunii
729 3309 827 3373 Aelii
854 3308 1004 3394 Cordi³)
1034 3327 1138 3392 opera
1166 3318 1311 3378 aetatem
1333 3315 1411 3379 tule-

231 3407 319 3480 runt,
345 3419 442 3484 quem
466 3401 586 3464 eodem
609 3399 677 3464 fere
706 3405 872 3481 tempore,
903 3418 967 3481 quo
992 3399 1153 3466 Maximus
1177 3403 1410 3485 imperatorum

231 3491 306 3556 inde
337 3489 496 3554 aClodio
520 3489 638 3553 Albino
667 3507 770 3571 usque
802 3489 844 3552 ad
868 3489 1043 3555 Maximum
1074 3497 1106 3556 et
1131 3491 1302 3558 Balbinum
1325 3495 1410 3559 vitas

233 3581 460 3662 composuisse
478 3584 592 3644 notum
610 3585 670 3644 est.
707 3578 820 3661 Neque
847 3578 995 3643 dubitant
1012 3581 1071 3644 viri
1095 3581 1198 3662 docti,
1225 3585 1278 3668 qui
1303 3584 1342 3648 de
1368 3603 1409 3649 eo

232 3676 383 3752 egerunt,
414 3669 490 3752 quin
519 3667 712 3734 Suetonium
740 3669 924 3733 aemulatus
954 3670 1005 3734 sit.
1048 3671 1175 3737 Tamen
1209 3675 1365 3739 nonnulla
1391 3693 1412 3739 a

339 3829 365 3898 1)
384 3829 511 3898 Mueller,
529 3829 547 3886 l.
567 3828 583 3881 l.
601 3845 627 3898 p.
643 3827 686 3896 25,
706 3845 732 3897 p.
748 3827 899 3886 laia-124.

338 3900 365 3970 2)
382 3901 607 3971 Daendlikerap.
618 3901 759 3970 Biidinger
777 3901 795 3955 l.
808 3901 825 3954 l.
835 3918 862 3971 p.
877 3901 930 3956 706
940 3918 1013 3972 sqq.;
1035 3903 1126 3957 Caret.
1144 3903 1254 3972 Rachel,
1274 3904 1322 3960 ‘de
1341 3905 1410 3962 ient.

232 3977 318 4044 quatt.
337 3973 413 4043 prior
432 3974 481 4026 Ηιθ
496 3973 545 4025 A·e
561 3974 655 4042 script.
675 3973 743 4028 diss.
754 3973 843 4028 Bonn.
865 3989 890 4027 a.
911 3973 989 4041 1872,
1009 3992 1034 4045 p.
1050 3975 1075 4042 8,
1096 3975 1138 4040 11,
1158 3975 1274 4045 12-18‚
1294 3976 1410 4044 22-24,

231 4045 346 4113 26-28,
366 4044 481 4112 30-32,
501 4045 544 4112 37,
563 4044 607 4112 40,
627 4045 671 4112 44,
689 4045 734 4112 48,
749 4045 792 4113 53,
806 4045 921 4114 57-60,
937 4045 1055 4115 disqq.;
1075 4047 1265 4118 Drelnhocfer,
1286 4049 1320 4106 de
1340 4050 1410 4104 font.

231 4123 259 4173 et
279 4121 385 4174 auctor.
409 4117 456 4175 vit.
481 4133 553 4186 quae
578 4117 705 4172 teruntur
729 4117 820 4188 Spart.
845 4117 962 4186 Capitol.
989 4117 1085 4172 Gallie.
1110 4120 1220 4190 Lampr.
1245 4122 1323 4176 Halis
1344 4121 1410 4176 Sar.

231 4191 310 4258 1873,
330 4205 354 4258 p.
368 4189 466 4242 8-10.
495 4190 524 4244 J.
543 4190 622 4257 Plew,
644 4190 691 4246 ‘M.
710 4189 849 4244 Maximus
874 4190 916 4243 als
941 4189 1048 4245 direlrte
1074 4191 1132 4246 und
1151 4191 1289 4248 indirelrte
1311 4193 1410 4262 Quelle

232 4263 282 4317 der
296 4261 390 4330 script.
410 4261 460 4315 Ηιθ
473 4261 531 4314 ΑΜ.
561 4261 726 4330 Strassburg
744 4260 823 4329 1878,
842 4278 869 4331 p.
884 4261 981 4319 9-12.

337 4333 364 4401 3)
385 4334 502 4403 Teuffel,
521 4335 536 4403 ξ
554 4334 616 4400 377,
639 4335 663 4388 7.
692 4334 876 4402 Daandliker,
898 4334 915 4387 l.
935 4334 952 4388 l.
972 4334 1124 4388 eoa-314.
1157 4336 1412 4406 &baasor-Nissen,

230 4405 262 4472 11,
281 4405 297 4475 ξ
316 4406 358 4470 73,
373 4405 398 4458 5.
427 4407 455 4460 J.
475 4407 586 4475 Mulier,
606 4407 623 4459 l.
643 4406 660 4459 l.
680 4423 706 4476 p.
720 4405 806 4475 92sq.
827 4406 858 4458 A.
878 4405 903 4458 3.
