3124 4976
759 347 802 412 35

671 438 885 447 -ι

186 582 260 629 eam
290 581 388 646 quam
420 563 453 626 in
482 563 599 627 ceteris
635 561 913 644 descriptionibus
949 560 1141 627 vocavimus
1176 557 1264 627 ottae
1292 568 1369 626 onte

180 656 417 738 principatum
448 655 571 716 initam
606 672 788 734 summum·
825 652 936 736 itaque
974 652 1198 734 discrepantia
1233 652 1368 716 maioris

185 744 346 809 momenti
371 761 439 806 non
461 743 647 807 intercedit.
683 741 915 821 Nihilominus,
936 747 1099 826 quatenus
1125 743 1224 807 etiam
1248 741 1312 806 hac
1336 743 1369 804 in

186 853 222 898 re
253 834 338 897 vitae
368 833 519 897 diversae
549 833 700 898 differant
727 832 871 898 breviter
899 833 1141 914 expediendum
1169 832 1244 912 erit3
1274 831 1370 896 facile

190 930 298 988 autem
329 923 500 1005 apparebit
528 923 808 987 dissimilitudines
836 923 1046 1005 potissimum
1074 940 1255 1006 suspensas
1292 940 1368 987 esse

191 1033 232 1078 ex
255 1014 326 1094 ipsa
347 1031 494 1094 persona
518 1032 602 1097 quae
626 1018 797 1077 tractatur.

295 1103 456 1168 Maximus
481 1104 566 1167 enim
592 1121 641 1167 ex.
669 1123 714 1184 gr.
739 1103 835 1167 huius
859 1103 961 1184 partis
987 1121 1172 1167 consensus
1188 1102 1370 1168 interCae-

188 1211 297 1258 sarem
322 1198 356 1257 et
380 1193 487 1257 Titum
512 1199 643 1258 exstare
668 1194 809 1272 videtur,
840 1193 928 1276 quod
956 1193 1030 1258 inde
1059 1193 1183 1257 factum
1206 1193 1368 1271 nimirum,

188 1283 263 1366 quia
278 1283 446 1365 utriusque
462 1283 523 1348 riri
537 1283 738 1367 principatus
763 1283 976 1347 brevissimus
994 1289 1075 1348 erat.
1112 1283 1222 1366 ltaque
1240 1284 1368 1364 speeies

186 1374 226 1436 de
260 1375 331 1437 citu
359 1379 436 1437 onte
466 1374 700 1457 principatum
732 1375 855 1438 toltum
881 1373 936 1438 hio
964 1378 1057 1437 tanta
1086 1379 1152 1453 est,
1184 1378 1308 1457 quanta
1335 1375 1369 1437 in

188 1463 321 1542 ceteris,
348 1464 375 1526 si
398 1464 498 1527 totius
525 1466 635 1545 operis
664 1464 921 1544 magnitudinem
951 1481 1200 1546 comparamus,
1230 1483 1297 1526 non
1321 1463 1369 1526 in-

188 1554 327 1619 venitur.
367 1553 480 1634 Agitur
496 1559 607 1618 autem
624 1555 656 1616 in
669 1553 814 1618 Caesare
832 1555 874 1634 (c.
892 1553 1023 1629 l-—XLl
1047 1554 1086 1617 de
1102 1556 1229 1637 prim
1249 1555 1370 1637 stipen-

187 1644 255 1707 diis
271 1649 302 1707 et
317 1644 414 1706 rebus
431 1643 564 1726 publice
585 1645 689 1728 pestis
705 1645 747 1725 (o.
766 1642 885 1726 l—·V),
909 1644 949 1707 de
966 1644 1220 1728 mopietrutibus
1236 1646 1278 1726 (c.
1297 1643 1370 1708 V-

187 1733 313 1815 XXX),
349 1733 390 1796 de
422 1732 502 1796 bello
537 1733 629 1798 cicili
656 1739 719 1798 etc.
756 1734 798 1817 (c.
825 1732 1047 1814 xxx-XL)
1069 1734 1212 1816 itemque
1246 1734 1278 1796 in
1308 1733 1372 1797 Titi

188 1843 215 1887 e.
232 1823 346 1888 l-Vll
370 1823 410 1886 de
433 1829 517 1886 octo
540 1825 733 1888 educatione
742 1825 766 1904 1)
789 1825 832 1905 (c.
850 1822 977 1906 l-lll),
1006 1823 1046 1886 de
1061 1825 1315 1906 mopistratibos
1339 1830 1371 1886 et

187 1915 283 1976 rebus
306 1915 342 1976 io
365 1911 561 1998 altaspata
584 1913 627 1996 (c.
645 1912 813 1996 lV—Vll).

295 2002 435 2067 Ceterae
464 2004 550 2068 vitae
578 2004 611 2067 in
640 2003 734 2067 huius
762 2003 892 2084 generis
916 2003 1115 2067 tractatione
1140 2003 1209 2068 fere
1235 2004 1368 2068 omnino

189 2095 273 2156 inter
290 2111 325 2157 se
343 2093 560 2158 concordant.
596 2093 680 2158 Nam
705 2095 911 2158 diversitates
935 2094 968 2156 in
981 2093 1128 2174 Augusto
1154 2099 1370 2158 occurrentes

192 2182 313 2244 minimi
329 2201 403 2246 esse
420 2185 578 2248 momenti
595 2200 694 2266 supra
710 2184 858 2248 diximus
899 2183 968 2246 lam
992 2184 1033 2248 de
1051 2182 1215 2264 Caligulae
1234 2202 1305 2266 cap.
1325 2184 1369 2248 XI

192 2272 431 2336 admonendum
467 2291 543 2338 esse
578 2280 672 2355 puto,
704 2275 789 2356 quod
819 2275 860 2338 de
890 2278 1010 2337 natura
1034 2291 1137 2337 saeva
1160 2273 1205 2336 ibi
1229 2291 1269 2337 ac
1293 2293 1370 2356 pro-

189 2361 291 2425 brosa
314 2362 415 2426 verba
443 2363 531 2428 iacta
554 2370 648 2443 sunt;
677 2364 710 2428 id
734 2365 824 2446 quod
852 2364 928 2427 inde
953 2363 1032 2427 mihi
1056 2363 1206 2428 evenisse
1230 2365 1368 2444 videtur,

189 2456 224 2514 ut
248 2458 365 2517 auctor
388 2455 525 2535 prelatis
549 2455 726 2520 iuventutis
750 2455 815 2518 iam
836 2453 921 2517 vitiis
946 2453 1041 2537 quasi
1064 2460 1280 2534 praepararet
1301 2454 1370 2519 lec-

188 2547 297 2607 torem
322 2544 363 2606 ad
387 2549 574 2609 monstrum
598 2545 674 2608 illud
699 2545 788 2628 quod
811 2549 933 2626 postea
958 2562 985 2609 c.
1004 2543 1198 2608 XXII—LX
1223 2545 1370 2626 descrip-

187 2639 256 2697 tum
292 2638 357 2713 est,
393 2635 508 2698 melius
545 2633 828 2717 cognoscendum.
864 2633 948 2698 Nihil
972 2633 1059 2699 enim
1082 2634 1169 2697 aliud
1193 2639 1245 2698 est
1270 2640 1369 2718 atque

187 2725 271 2786 siin
297 2724 359 2787 Titi
384 2743 412 2787 c.
429 2724 467 2789 lll
491 2724 720 2806 dotes-‘bonas
751 2725 843 2806 pueri
868 2729 901 2789 et
926 2724 1076 2806 corporis
1101 2729 1135 2788 et
1159 2725 1258 2788 animi
1287 2722 1370 2790 Sue-

188 2815 297 2878 tonius
322 2814 438 2879 attulit.
479 2812 582 2880 Simili
615 2815 756 2899 quodam
792 2815 893 2879 modo
926 2815 959 2878 in
989 2813 1115 2880 Claudii
1143 2833 1215 2896 cap.
1242 2813 1293 2878 lll.
1327 2816 1367 2879 de

186 2904 313 2968 iuvenis
338 2905 456 2968 studiis
479 2904 668 2970 liberalibus
685 2905 870 2986 expositum
888 2910 952 2983 est,
979 2923 1077 2987 quam
1092 2922 1163 2968 rem
1181 2905 1368 2969 accuratius

187 2995 306 3058 deinde
331 2995 472 3075 scriptor
496 2996 705 3079 persequitur
729 3013 800 3077 cap.
819 2995 889 3059 XLI
905 3013 954 3077 sq.

295 3083 361 3150 Sed
397 3085 490 3149 aliter
522 3103 576 3149 res
612 3104 649 3150 se
678 3085 780 3150 habet
808 3085 842 3148 in
874 3083 996 3150 Galbae
1027 3084 1101 3149 c.V
1131 3083 1278 3166 ineunte,
1312 3085 1369 3149 ubi

187 3176 308 3239 dictum
345 3180 467 3238 exstat:
508 3175 602 3239 Inter
636 3175 790 3240 liberales
824 3174 1023 3259 disciplinas
1056 3175 1200 3238 attendit
1227 3181 1259 3238 et
1290 3176 1368 3238 iuri.

186 3265 270 3330 Nihil
286 3264 372 3329 aliud
389 3265 453 3330 hoc
475 3270 528 3330 est
545 3284 643 3348 quam
665 3266 804 3348 abrupte
827 3266 1003 3330 interiecta
1026 3264 1150 3329 mentio
1175 3265 1367 3344 studiorum,

188 3375 262 3419 cum
285 3360 358 3419 toto
384 3356 491 3437 capite
517 3356 557 3420 de
583 3356 797 3420 matrimoniis
823 3355 948 3420 Galbae
974 3360 1098 3436 agatur.
1140 3354 1235 3418 Talia
1259 3360 1370 3419 autem

188 3451 280 3510 certa
314 3445 443 3510 ratione
477 3447 628 3536 carentia
659 3447 783 3528 passim
811 3447 905 3527 plura
932 3445 1142 3510 inveniuntur
1171 3446 1257 3526 apud
1288 3443 1369 3510 Sue-

186 3536 311 3599 tonium
336 3535 406 3618 (cir.
433 3554 484 3601 ex.
510 3555 556 3617 gr.
582 3538 718 3603 Caesar.
744 3556 770 3600 c.
788 3536 831 3600 43
854 3535 929 3618 pr).

294 3625 445 3707 Exceptis
468 3627 566 3708 igitur
587 3626 768 3691 minoribus
789 3626 849 3690 illis
873 3623 1118 3690 diversitatibus
1141 3642 1242 3706 supra
1264 3625 1368 3689 allatis

187 3713 273 3777 vitae
298 3712 363 3776 hac
380 3715 413 3776 in
429 3721 521 3796 parte
546 3717 680 3781 omnino
699 3716 940 3781 similitudinem
964 3715 1171 3779 tractationis
1195 3714 1367 3796 praebent.

187 3802 272 3866 Nam
297 3802 451 3867 omnibus
480 3807 597 3872 iisdem
626 3808 666 3872 de
695 3807 794 3871 rebus
824 3806 944 3871 eodem
973 3803 1075 3870 fermo
1101 3803 1215 3868 ordine
1240 3823 1261 3868 a
1285 3805 1369 3870 Sue-

190 3893 282 3956 tonio
300 3893 418 3974 agitur:
444 3895 485 3958 de
511 3903 588 3961 natu
604 3898 746 3976 scilicet,
773 3897 994 3974 nutrimentis
1020 3893 1229 3973 educatione,
1255 3895 1367 3976 primis

188 3982 370 4064 stipendiis,
395 3985 641 4067 magistratibus
667 3993 730 4053 etc.
765 3987 963 4052 Persuasum
990 4003 1119 4068 quoque
1143 3984 1308 4048 habemus
1327 4023 1366 4032 -

185 4074 219 4137 id
244 4074 333 4157 quod
358 4075 603 4142 evidentissime
630 4096 671 4143 ex
693 4077 960 4158 dispositionibus
984 4075 1121 4158 prolatis
1146 4074 1304 4138 elucescit
1324 4112 1369 4122 -

187 4183 304 4228 omnes
327 4170 453 4246 partes,
480 4185 565 4250 quae
591 4172 667 4230 sunt
690 4174 768 4232 oute
786 4168 1020 4250 principatum
1043 4167 1166 4228 initum
1182 4183 1224 4229 ex
1240 4165 1368 4230 ratione

185 4260 372 4337 temporum
397 4257 549 4321 conditas
574 4275 659 4322 esse.

292 4381 319 4448 1)
337 4381 417 4434 Hanc
436 4397 498 4434 rem
521 4379 551 4433 in
574 4379 689 4436 ineunte
715 4365 838 4444 „Caesare
864 4396 975 4450 quoque
998 4382 1149 4434 tractatam
1172 4377 1259 4434 fuisse
1284 4395 1370 4449 supra

186 4451 321 4521 suspicati
341 4468 439 4507 sumus
458 4453 494 4521 (p.
510 4451 562 4522 34).
771 4463 778 4477 ²

1171 4559 1209 4612 3*
