3124 4976
517 680 567 743 De
597 681 764 745 vitarum
794 679 1066 761 scriptoribus,

311 824 358 886 De
395 823 584 904 spartiano,
623 823 823 905 Capitoline,
856 823 1068 904 Lampridio,¹
1088 820 1270 897 Gallicam,
1303 819 1382 882 Tre-

204 913 302 978 bellio
343 914 508 992 Pollione,
547 913 709 994 Vopisoo,
750 913 912 977 Historiae
947 913 1114 993 Augustae
1156 909 1382 991 scriptoribus,

204 1023 342 1086 quorum
368 1003 532 1067 scribendi
552 1010 657 1066 artem
673 1003 959 1085 pertractavimus,
986 1002 1050 1065 alia
1073 1001 1170 1065 nobis
1195 1000 1309 1064 relicta
1333 1005 1382 1062 est

205 1094 364 1177 quaestio.
401 1092 540 1157 Dubium
557 1093 644 1157 enirn
662 1098 726 1170 est,
754 1111 836 1174 quae
861 1093 996 1156 tandem
1013 1092 1098 1155 vitae
1125 1109 1145 1154 a
1168 1090 1284 1173 quibus
1310 1108 1382 1152 auc-

203 1184 327 1248 toribus
345 1183 551 1264 conscriptae
570 1183 643 1246 sint.
679 1182 826 1265 Namque
843 1183 978 1246 nomina
998 1183 1032 1245 in
1048 1180 1136 1245 libris
1152 1175 1382 1260 manuscriptis

203 1274 409 1355 praescripta
441 1291 593 1354 magnam
625 1279 752 1354 partem
781 1273 842 1336 fide
873 1273 1004 1353 indigna
1032 1290 1107 1335 esse
1136 1271 1220 1334 inter
1253 1287 1380 1345 omnes,

206 1364 259 1446 qui
283 1362 368 1426 hanc
392 1365 424 1426 in
448 1383 519 1428 rem
536 1362 717 1443 diligentins
734 1363 969 1445 inquisiverunt
981 1363 1017 1444 ¹),
1044 1366 1304 1425 consentaneum
1321 1365 1381 1422 est.

205 1453 377 1534 Quatenus
414 1459 525 1517 autem
562 1453 760 1517 coniecturis
799 1453 944 1516 lubricae
984 1452 1150 1515 traditioni
1191 1467 1381 1513 succurrere

205 1545 315 1622 liceat,
340 1544 426 1606 inter
445 1544 534 1606 viros
552 1543 671 1606 doctos
696 1542 802 1606 adhuc
828 1562 895 1606 non
920 1542 1074 1606 convenit
1098 1540 1161 1604 alio
1186 1540 1281 1603 aliam
1307 1557 1384 1602 auc-

205 1642 314 1698 torum
336 1633 482 1696 tabulam
506 1638 724 1714 proponente.

315 1723 386 1803 Quo
410 1723 540 1804 planius
568 1722 672 1786 lector
700 1723 936 1796 sententiarum
967 1721 1191 1784 diversitatem
1221 1719 1282 1783 sibi
1306 1725 1382 1782 ante

206 1815 322 1878 oculos
338 1831 525 1895 proponere
543 1813 664 1893 possit,
688 1831 801 1876 omnes
820 1810 1029 1893 quaefactae
1047 1814 1122 1874 sunt
1138 1809 1383 1891 suppositiones

205 1906 238 1968 in
259 1904 346 1967 hanc
363 1921 447 1986 qnae
465 1903 611 1985 sequitur
626 1923 657 1983 p.
676 1903 718 1966 63
735 1901 878 1965 tabulam
895 1900 1056 1980 congessi.
1092 1897 1172 1963 Sunt
1189 1917 1274 1981 quae
1292 1904 1325 1962 et
1343 1900 1383 1961 ad

204 1994 351 2058 tabulam
382 1993 608 2073 explicandam
645 1998 679 2056 et
715 1992 754 2054 ad
791 1997 940 2054 nostram
969 1989 1159 2069 opinionem
1187 1988 1383 2053 iniciendam

205 2089 303 2166 atque
329 2081 557 2146 affirmandam
581 2081 682 2145 fusius
699 2083 860 2144 disserere
880 2084 1042 2160 oporteat.
1078 2077 1193 2160 Neque
1218 2078 1382 2142 hocloco

206 2173 521 2238 commentationum
537 2172 684 2253 proxime
702 2172 742 2237 de
765 2172 827 2234 hac
843 2189 879 2234 re
896 2170 929 2232 in
945 2169 1047 2232 Musei
1063 2168 1211 2233 Rhenan.
1229 2174 1251 2230 t.
1266 2167 1351 2231 XLV
1358 2171 1384 2246 2)

205 2270 239 2328 et
262 2264 405 2327 Hermae
430 2267 452 2325 t.
475 2262 579 2326 XXIV
592 2264 617 2344 8)
642 2267 675 2325 et
702 2260 791 2325 XXV
802 2261 829 2342 4)
859 2260 1020 2324 editarum
1049 2259 1249 2322 mentionem
1274 2256 1384 2321 lacere

205 2353 385 2418 omittimus
401 2353 437 2434 ⁵).
556 2374 558 2378 ’

313 2442 361 2505 Ac
385 2443 526 2522 primum
544 2443 675 2524 quidem
697 2442 737 2504 ad
762 2438 906 2504 tabulam
931 2438 1155 2502 illustrandam
1173 2439 1383 2514 accedamus,

205 2533 239 2595 in
264 2550 329 2614 qua
352 2532 570 2613 proponenda
592 2531 737 2595 Richteri
761 2530 957 2594 sententiam
980 2529 1012 2600 li.
1039 2528 1119 2591 Mus.
1144 2528 1250 2591 Rhen.
1274 2534 1297 2590 t.
1315 2527 1381 2602 Vll,

206 2622 246 2684 31
263 2621 349 2704 sqq.)
365 2627 543 2703 propterea
566 2621 716 2684 nimirum
734 2621 864 2700 neglexi
880 2619 956 2701 quia
972 2616 1050 2680 nihil
1073 2617 1153 2681 lucri
1177 2618 1273 2681 nobis
1289 2634 1385 2698 prae-

205 2713 285 2776 bere
309 2712 381 2774 visa
405 2717 464 2774 est.
501 2709 641 2774 Dirksen
677 2715 787 2773 autem
816 2709 848 2771 id
875 2713 1004 2772 tantum
1029 2707 1108 2788 egit,
1134 2713 1168 2770 ut
1192 2709 1245 2789 qui
1269 2711 1385 2771 essent

205 2807 361 2865 auctores
386 2819 427 2864 ex
450 2801 598 2882 ipsorum
623 2800 731 2864 verbis
756 2805 897 2864 erueret.

312 2891 439 2955 Brocks
474 2891 685 2955 deluderem
715 2890 761 2952 ita
785 2889 970 2970 disceptare
994 2906 1095 2968 posse
1120 2885 1184 2949 sibi
1208 2888 1296 2950 visus
1322 2891 1383 2962 est,

205 2981 287 3044 utin
301 2981 441 3061 singulas
458 2999 604 3063 quasque
621 2998 723 3045 voces
741 2979 882 3042 animum
900 2978 1084 3041 intenderet
1103 2983 1136 3040 et
1152 2996 1248 3039 usum
1264 2975 1385 3039 verbo-

205 3090 276 3134 rum
295 3089 334 3134 ac
352 3071 588 3134 sententiarum
606 3069 791 3134 accuratius
804 3068 1016 3150 perquireret.
1042 3067 1167 3132 Postea
1179 3066 1267 3130 Plew
1283 3065 1384 3129 multa

206 3161 404 3242 scriptorum
441 3160 579 3240 vestigia
617 3176 677 3240 per
706 3157 807 3222 libros
848 3176 963 3221 eorum
1005 3174 1164 3238 expressa
1202 3156 1383 3237 diligentius

205 3256 401 3331 persecutus
420 3249 517 3313 aliam
539 3248 733 3312 divisionem
754 3247 925 3328 proposuit
942 3264 1030 3324 eam,
1054 3266 1153 3330 quarn
1169 3245 1385 3310 Dreinhoefer

207 3340 301 3403 altius
326 3339 455 3403 firmare
477 3344 619 3402 conatus
645 3343 704 3401 est.
739 3335 866 3402 Ruebel
890 3342 999 3400 autem
1024 3337 1174 3401 emedio
1199 3335 1268 3399 tolli
1292 3335 1385 3399 dubi-

206 3431 350 3494 tationes
378 3447 479 3510 posse
506 3429 553 3492 ita
585 3428 722 3508 putavit,
748 3433 783 3490 ut
815 3427 1092 3508 quemadmodum
1121 3425 1229 3490 fontes
1254 3425 1288 3487 in
1311 3425 1384 3487 vitis

207 3519 345 3584 diversis
376 3518 540 3598 compilati
572 3517 761 3581 viderentur
796 3522 1040 3599 exsequeretur.
1087 3514 1257 3580 Summum
1291 3515 1385 3595 igitur

206 3610 335 3690 pondus
361 3608 524 3689 excerptis
549 3607 602 3689 qui
618 3613 779 3671 vocantur
801 3607 884 3670 locis
908 3607 1040 3670 addidit.
1076 3606 1268 3687 Nuperrime
1290 3605 1387 3670 ,deni-

207 3718 270 3781 que
289 3698 621 3782 quaestionemhano
637 3697 847 3761 resuscitavit
861 3696 1020 3761 Henricus
1037 3695 1164 3760 Dessau
1182 3697 1215 3779 (l.
1228 3694 1262 3775 l.)
1287 3702 1385 3777 atque

315 3930 341 3997 1)
359 3930 395 3983 Η.
406 3930 486 3983 Peter
503 3930 530 3998 (l.
541 3929 558 3981 l.
569 3946 594 3998 p.
607 3929 632 3996 5,
644 3929 670 3998 6)
690 3933 823 3998 excepte,
849 3929 894 3998 qui
914 3929 943 3981 in
968 3927 1096 3982 codicum
1117 3928 1287 3982 auctoritate
1302 3927 1386 3980 nobis

208 4001 450 4070 adquiescendum
470 4017 535 4056 esse
555 4003 642 4070 putat.

314 4072 341 4140 2)
360 4073 404 4126 El.
424 4073 516 4140 Klebo‚
535 4073 585 4127 Die
601 4072 763 4140 Sammlung
783 4071 832 4125 der
852 4071 945 4140 script.
959 4071 1008 4124 Hle
1024 4071 1072 4123 A²⁰
1092 4088 1118 4140 p.
1133 4070 1291 4136 rao—464,
1311 4070 1387 4126 eius-

207 4145 321 4200 demin
341 4144 448 4212 vaelii
465 4145 534 4201 Hist.
554 4145 682 4199 Ztschrft.
702 4145 783 4198 XXV.
803 4143 835 4198 N.
855 4144 884 4198 F.
904 4161 931 4212 p.
945 4142 998 4195 218
1009 4159 1068 4212 sqq.

247 4288 300 4344 237
315 4217 342 4286 3)
360 4217 395 4268 H.
424 4217 539 4283 Dorceu,
562 4217 654 4271 Ueber
677 4216 738 4270 Zeit
761 4215 819 4269 und
842 4214 1064 4269 Persdnlichlreit
1085 4214 1134 4269 der
1153 4215 1247 4284 script.
1267 4216 1317 4268 Hre
1336 4215 1387 4268 Ar·

207 4306 233 4358 P·
266 4323 271 4338 ·
311 4305 370 4359 sqq·

210 4383 214 4394 ·
313 4361 341 4430 4)
361 4361 459 4415 Theod.
480 4361 636 4426 Mommsen,
654 4360 705 4414 Die
724 4359 819 4428 script.
839 4358 887 4411 Hle
907 4358 965 4423 ΑΜ,
985 4375 1010 4427 p.
1024 4357 1176 4412 aaa-292.

315 4436 342 4502 5)
362 4434 474 4501 Teuffel,
494 4432 524 4503 ἓξ
543 4433 603 4499 377,
624 4432 685 4499 388,
705 4431 766 4487 397.
