3124 4976
714 330 757 396 45

626 423 840 445 7..........„.-

245 546 501 628 Dispositionem
527 552 638 611 autem
662 545 730 610 lere
756 545 897 610 eandem
913 547 1066 611 rhetores
1092 551 1190 629 atque
1214 565 1323 627 gram-

71 655 73 660 ·
140 637 252 701 malici
276 636 455 719 praebent:

302 726 339 790 A.
375 725 506 791 Index.

302 817 338 881 B.
374 815 576 880 Praefatio
602 834 630 879 c.
655 817 676 880 l.

252 909 287 969 10
309 907 349 970 de
372 912 459 986 ortu,
497 906 534 969 2ο
551 925 749 990 progressa,
788 907 824 970 3⁰
847 911 955 970 aelate
979 925 1095 987 aurea,
1133 907 1171 970 4⁰
1192 906 1322 969 ratione

142 997 288 1060 docendi.

302 1084 338 1152 C.
374 1085 503 1164 Vitae,
529 1104 624 1168 quae
650 1091 833 1168 spectant
857 1086 904 1150 ad

251 1177 285 1238 1⁰
307 1195 435 1256 noman,
458 1175 495 1240 20
516 1196 620 1260 genoe
643 1182 714 1256 alc,
739 1177 774 1240 3⁰
797 1177 912 1240 studia
935 1181 993 1240 etc.

139 1265 286 1330 Eandem
323 1265 462 1348 denique
500 1266 750 1347 dispositionem
783 1267 882 1331 etiam
911 1264 982 1329 libri
1012 1264 1071 1328 ‘De
1095 1263 1217 1346 poctis'
1248 1266 1322 1330 reli-

140 1356 237 1438 quiae
254 1356 278 1437 ¹)
304 1355 468 1420 exhibent.

248 1445 344 1509 Haud
366 1463 492 1528 paucas
521 1446 606 1509 inter
630 1445 822 1510 Suetonium
848 1452 882 1511 et
903 1446 1066 1527 Nepotem
1095 1446 1320 1510 similitudines

140 1536 392 1616 compositionis
417 1553 593 1600 occurrere
620 1536 800 1618 opinamur.
840 1535 1088 1617 Discrepentiae
1114 1553 1156 1600 ex
1179 1536 1252 1617 ipsa
1274 1536 1322 1600 di-

139 1625 295 1690 versitate
336 1631 602 1707 argumentorum
641 1626 812 1691 fluxerunt.
866 1625 963 1691 Certe
1001 1630 1140 1708 uterque
1181 1626 1322 1706 scriptor

140 1716 261 1780 eodem
287 1717 402 1781 ordine
430 1716 469 1780 de
495 1716 573 1780 viris
597 1715 774 1781 illustribus
800 1716 960 1797 disputat,
990 1714 1230 1797 praelationem
1254 1717 1321 1780 sin-

139 1805 222 1887 gulis
256 1805 405 1888 partibus
441 1806 634 1888 praemittit,
670 1807 711 1870 de
747 1807 880 1871 nomine
909 1824 1029 1887 genere
1059 1806 1195 1870 natione
1220 1806 1320 1870 rebus

139 1897 240 1976 gestis
263 1896 394 1961 vivendi
419 1897 519 1961 modo
545 1901 607 1960 etc.
634 1897 771 1978 exponit
795 1895 867 1978 (cfr.
893 1915 995 1978 supra
1017 1916 1049 1978 p.
1069 1896 1111 1959 14
1124 1899 1219 1979 sqq).

248 1985 416 2068 Suspicari
450 1986 547 2067 igitur
581 1987 700 2051 merito
736 2005 912 2068 possumus
951 1985 1147 2051 Suetonium
1182 1984 1319 2067 Nepotis

141 2082 245 2138 artem
261 2076 459 2140 aemulatum
476 2094 566 2155 esse;
585 2077 644 2140 sed
661 2077 706 2140 uti
723 2095 822 2158 supra
840 2077 885 2158 (p.
900 2077 958 2159 21)
975 2077 1008 2141 in
1026 2081 1161 2141 auctore
1178 2077 1320 2156 partium

140 2165 265 2229 illarum
286 2184 368 2247 quae
385 2172 549 2230 vocantur
566 2164 718 2248 ‘species'
736 2166 954 2250 exquirendo,
978 2166 1024 2230 ita
1039 2165 1105 2230 hoc
1121 2165 1199 2230 loco
1221 2166 1319 2230 nobis

142 2253 240 2318 liceat
270 2256 439 2336 paullulum
473 2257 506 2320 in
538 2255 740 2322 Graecorum
774 2257 898 2320 litteras
933 2256 1109 2338 inquirere.
1161 2255 1318 2321 Fortasse

142 2343 251 2424 Nepos
275 2344 340 2408 iam
362 2345 486 2410 illarum
511 2351 659 2410 sectator
683 2353 742 2410 est.

246 2433 444 2518 Hieronymo
470 2441 605 2501 auctore
635 2436 690 2518 (de
715 2437 772 2500 vir.
797 2436 838 2504 ill.
864 2435 900 2515 ll,
919 2435 983 2501 822
1008 2435 1162 2518 Vallarsi)
1186 2442 1318 2500 constat

138 2521 462 2590 interGraecosiam
474 2526 1030 2604 AristoxenumTarentinum‚
1048 2525 1317 2607 Hermippum,

138 2610 353 2698 Satyrum)
378 2617 460 2681 alios
486 2617 526 2682 de
552 2616 671 2681 eodem
695 2621 888 2698 argumento
906 2617 1014 2697 egisse
1039 2621 1138 2700 atque
1156 2615 1318 2698 Nepotem

137 2700 329 2768 Suetonium
347 2711 410 2770 etc.
435 2707 520 2771 inter
536 2707 682 2770 Latinos.
712 2707 894 2772 Praeterea
909 2706 1060 2790 Satyrum
1079 2706 1173 2770 simili
1189 2706 1317 2771 ratione

138 2798 237 2875 atque
266 2792 429 2877 Nepotem
459 2815 540 2878 opus
572 2816 666 2860 suum
695 2795 946 2879 biographicum
971 2797 1120 2861 divisisse
1149 2797 1181 2860 in
1205 2801 1318 2878 partes

137 2883 297 2964 singulae,
323 2885 439 2968 quibus
462 2887 707 2951 tractabantur:
733 2887 850 2966 duces,
875 2905 986 2968 reges,
1016 2892 1184 2964 oratores,
1214 2887 1318 2968 philo-

137 2973 247 3054 sophi,
271 2978 407 3057 pobtae‚
433 2977 608 3041 verisimile
634 2983 694 3041 est.
732 2975 799 3041 Sed
822 2982 958 3059 propter
974 2974 1234 3058 fragmentorum
1251 2977 1319 3040 exi-

136 3064 327 3148 guitateml)
363 3083 432 3129 non
468 3067 638 3132 diiudicari
672 3072 797 3149 potest,
831 3072 939 3131 utrum
975 3084 1030 3130 res
1067 3067 1166 3131 etiam
1200 3068 1318 3132 eadem

136 3153 266 3218 ratione
291 3155 326 3218 in
351 3156 497 3220 ordinem
525 3158 672 3238 digestae
697 3155 814 3221 luerint
836 3174 952 3222 necne.
986 3156 1074 3220 AHas
1099 3162 1211 3222 autem
1234 3158 1318 3222 vitas

136 3241 388 3309 benevolentiae
413 3244 565 3310 fortunae
593 3243 769 3334 debemus'j,
800 3247 915 3328 quibus
939 3247 971 3309 id
997 3247 1084 3328 quod
1109 3265 1224 3312 eruere
1250 3254 1318 3311 stu-

137 3332 254 3396 demus
285 3333 436 3398 distincte
466 3336 714 3418 comprobatur,
752 3355 954 3418 quarumque
983 3337 1155 3402 nonnullas
1189 3342 1316 3400 tantum

136 3422 293 3487 exhibere
318 3430 371 3488 sat
395 3425 465 3489 erit.

243 3513 292 3577 Ac
320 3515 459 3596 primum
488 3515 617 3598 quidem
649 3517 689 3580 de
716 3515 919 3580 Plutarchi
955 3535 1039 3598 quae
1068 3515 1215 3579 seruntur
1242 3515 1316 3580 vitis

137 3601 255 3666 decem
272 3611 442 3669 oratorum
459 3607 574 3687 paucis
593 3606 806 3687 disputemus.
833 3603 961 3686 Optime
976 3605 1079 3670 dehis
1093 3606 1171 3670 mihi
1184 3605 1317 3688 quidem

136 3693 319 3773 nuperrime
357 3695 463 3776 egisse
499 3696 629 3761 videtur
662 3696 827 3760 Antonius¹
855 3696 1024 3777 Prasse4),
1061 3697 1155 3759 cuius
1191 3700 1317 3760 textum

139 3779 183 3860 (p.
208 3782 251 3846 45
276 3790 361 3867 sqq.)
386 3803 518 3868 sequor.
566 3785 675 3850 Primo
702 3786 942 3851 dissertationis
967 3786 1074 3867 capite
1103 3784 1249 3868 perbene
1275 3786 1315 3850 de

138 3874 378 3952 compositione
403 3875 543 3939 vitarum
567 3876 671 3940 verba
695 3873 772 3941 lecit
795 3881 829 3940 et
854 3875 1086 3956 comprobavit
1108 3874 1260 3940 omnibus
1284 3875 1316 3938 in

243 4144 268 4208 1)
288 4143 369 4213 norff.
389 4145 406 4201 l.
426 4145 444 4201 l.
463 4162 490 4214 p.
509 4145 661 4200 369-409.
689 4146 888 4213 astrolabio.
908 4163 934 4215 p.
949 4146 1002 4200 481
1015 4162 1074 4216 sqq.

243 4213 269 4281 2)
288 4213 341 4272 Cir.
363 4217 392 4274 0.
413 4217 539 4286 Mueller,
558 4219 653 4288 fragm.
678 4218 743 4272 hist.
769 4218 867 4276 Graec.
887 4219 918 4285 ΙΙ,
938 4236 964 4289 p.
977 4218 1030 4271 269
1040 4235 1113 4289 sqq.;
1138 4218 1314 4288 111,35sqq.;

131 4284 175 4351 HI,
196 4301 222 4354 p.
238 4285 290 4340 159
301 4304 361 4357 sqq.
390 4289 491 4358 Ber-glo,
510 4290 613 4358 griech.
633 4289 814 4347 Litt-Geseh.
834 4290 853 4357 1,
873 4307 898 4360 p.
909 4289 1060 4344 aar-301.

242 4359 269 4428 3)
288 4360 315 4413 0.
334 4359 462 4430 Mueller,
480 4362 498 4414 l.
519 4362 535 4414 l.
555 4363 599 4430 ΙΙΙ,
619 4378 644 4430 p.
664 4361 716 4417 159
727 4378 785 4432 sqq.

240 4431 268 4501 4)
287 4431 340 4488 ‘De
359 4432 430 4488 Plut.
451 4448 524 4502 quae
542 4434 592 4491 ier.
612 4434 660 4491 vit.
680 4434 780 4490 decem
800 4436 880 4494 orat‘
900 4434 973 4490 Dius.
1001 4434 1089 4492 Marb.
1110 4434 1188 4489 1891.
