3124 4976
745 327 786 391 31

657 419 872 427 --——

174 551 261 624 utar,
287 549 364 624 ‘per
387 540 534 624 species'
558 543 643 606 vitas
679 549 872 608 exsecutum
909 561 993 609 esse.
1043 542 1141 624 Quod
1176 545 1353 628 praecipue

173 637 281 700 elucet
315 651 357 697 ex
381 632 519 713 Augusti
554 633 652 715 capit.
676 633 729 697 lX.
765 634 841 698 loco
876 633 1017 714 prolato
1063 631 1207 698 Causam
1243 640 1354 699 autem

173 725 301 791 consilii
328 723 426 787 huius
462 723 555 787 ailert
591 741 666 788 eam
695 727 746 786 ‘ut
774 723 958 788 distinctius
987 724 1098 788 omnia
1132 725 1354 790 demonstrari

174 816 395 898 cognoscique
419 810 573 895 possint’.

284 904 402 986 Copias
431 903 630 968 collecticias
659 901 835 968 Suetonius
862 904 1092 986 undecumque
1122 910 1295 988 excerptas
1319 906 1354 969 in

176 995 251 1058 vitis
273 995 477 1076 constipavit.
515 993 611 1057 Locis
632 991 701 1057 fere
724 992 1018 1058 innumerabilibus
1040 1013 1189 1077 quosque
1219 1013 1353 1060 enume-

178 1102 251 1148 rare
274 1085 404 1166 longum
428 1089 494 1162 est,
525 1102 566 1148 ex
593 1083 695 1164 ipsius
719 1083 829 1147 verbis
854 1082 1043 1164 intellegere
1067 1084 1158 1164 licet,
1184 1088 1352 1168 quomodo

173 1175 206 1238 id
230 1173 382 1239 effecerit.
419 1173 478 1238 Sat
499 1173 561 1238 erit
575 1191 703 1255 paucos
727 1173 889 1254 proferre,
915 1173 1032 1255 quibus
1056 1175 1265 1256 potissimum
1289 1195 1354 1259 qua

174 1263 340 1345 diligentia
355 1265 388 1328 in
403 1264 665 1346 perscrutandis,
691 1281 732 1327 ex
749 1263 863 1346 quibus
879 1263 990 1327 hausit
1005 1265 1189 1344 materiam,
1206 1265 1352 1330 fontibus

172 1359 326 1418 versatus
344 1354 401 1434 sit,
417 1353 649 1437 perspicietur3
676 1352 732 1417 cfr.
751 1371 803 1417 ex.
821 1372 868 1434 gr.
893 1353 1023 1419 Claud.
1047 1353 1085 1434 l.;
1113 1353 1252 1420 Othon.
1271 1375 1299 1420 c.
1317 1357 1351 1422 ll.

172 1444 219 1509 lll.
245 1443 311 1508 Vll.
336 1444 392 1509 lX.
418 1444 459 1508 X.
485 1443 551 1508 Xll.
587 1443 659 1508 Vit.
686 1462 713 1510 c.
739 1443 763 1508 l.
788 1443 823 1508 ll.
849 1443 886 1508 V.
905 1442 956 1508 Vl.
982 1443 1048 1509 Vll.
1074 1443 1159 1510 XlV.
1189 1445 1351 1528 Vespas.

173 1553 200 1599 o.
225 1535 247 1600 l.
272 1534 324 1599 IV.
343 1533 380 1599 V.
398 1533 461 1599 Vll.
486 1533 568 1598 XVI.
592 1533 693 1598 XXV.
719 1539 781 1598 etc.
799 1539 863 1597 etc.
900 1533 1054 1616 Quisquis
1080 1536 1120 1599 de
1146 1535 1210 1599 hac
1233 1554 1284 1614 re,
1310 1538 1351 1601 de

172 1623 317 1688 fontibus
343 1623 468 1689 scilicet
493 1629 526 1688 et
554 1622 806 1688 auctoritatibus
831 1621 993 1702 Suetonii,
1023 1623 1117 1705 plura
1146 1642 1351 1706 cognoscere

172 1715 271 1796 cupit,
296 1716 441 1779 virorum
461 1715 636 1779 doctorum
662 1715 701 1778 de
726 1713 793 1778 hoc
817 1721 1008 1794 argumento
1034 1716 1132 1778 adeat
1156 1717 1280 1797 scripta
1292 1719 1328 1800 ¹).

278 1805 347 1869 lam
382 1804 477 1886 igitur
512 1809 545 1868 et
581 1823 622 1869 ex
652 1804 755 1886 ipsius
792 1803 961 1886 scriptoris
988 1805 1098 1868 verbis
1128 1811 1226 1870 etex
1249 1808 1351 1872 modo

171 1895 300 1960 vivendi
321 1895 544 1977 versandique
579 1895 612 1958 in
640 1894 756 1958 studiis
785 1912 850 1977 quo
876 1913 953 1958 usus
983 1900 1034 1958 est
1056 1895 1232 1975 imaginem
1255 1896 1351 1961 nobis

174 1984 363 2065 confingere
391 1985 482 2064 licet,
512 1984 792 2066 quemadmodum
820 1985 993 2049 materiam
1027 1985 1202 2050 contulerit
1230 1992 1264 2050 et
1288 1987 1352 2052 dis·

173 2075 329 2155 posuerit.
354 2074 435 2139 Cum
451 2074 707 2158 ,perspicuitas“
725 2092 834 2138 rerum
850 2075 1051 2156 prolatarum
1066 2076 1254 2156 primarium
1279 2095 1351 2158 gra-

175 2164 410 2246 vissimumque.
427 2165 495 2229 eius
518 2170 608 2229 esset
628 2164 823 2246 principium
831 2163 867 2246 Β),
893 2183 1120 2248 quaecumque
1135 2167 1349 2248 excerptione

177 2253 271 2334 digna
286 2252 454 2318 invenerat
479 2255 519 2319 ad
541 2260 650 2319 certas
666 2255 813 2318 rationes
833 2255 949 2318 divisit.
987 2254 1197 2336 Quapropter
1220 2257 1350 2337 species

173 2343 243 2406 illas
260 2343 322 2407 sibi
339 2345 504 2408 constituit
526 2351 624 2428 atque
648 2347 683 2408 in
707 2362 765 2408 eas
783 2345 876 2427 quasi
891 2345 923 2408 iu
939 2345 1034 2408 lexici
1052 2344 1222 2410 columnas
1240 2348 1351 2411 omnia

171 2432 298 2497 distulit.
338 2435 383 2498 Ex
407 2435 577 2499 bominum
602 2443 712 2499 autem
736 2440 854 2499 natura
877 2440 910 2499 et
934 2434 1043 2500 indole
1066 2436 1214 2516 ipsorum
1243 2437 1351 2500 studia

169 2522 387 2604 explicantur3
406 2525 454 2588 sic
467 2522 644 2590 Suetonius
667 2524 803 2606 propria
819 2526 947 2589 ratione
965 2526 1094 2589 vivendi
1118 2531 1151 2590 et
1173 2527 1207 2590 in
1230 2525 1349 2590 litteris

168 2613 321 2678 versandi
344 2614 378 2677 in
407 2616 578 2696 proposito
609 2634 669 2679 suo
694 2615 790 2679 valde
821 2614 1049 2679 adiuvabatur.
1097 2614 1237 2680 Publicis
1263 2618 1349 2681 enim

168 2703 414 2785 magistratibus
438 2723 615 2788 numquam
633 2706 753 2769 diutius
778 2704 907 2770 functus
931 2724 994 2770 nec
1018 2706 1122 2786 magis
1148 2707 1245 2770 animi
1269 2725 1349 2789 qua-

169 2794 245 2857 dam
269 2795 490 2875 magnitudine
515 2795 654 2859 naturali
682 2796 811 2859 adiutus
837 2796 897 2859 sed
921 2794 1023 2859 libros
1047 2794 1215 2860 indefesso
1240 2798 1348 2862 studio

168 2883 278 2964 legere
303 2902 483 2966 excerpere
508 2885 593 2949 inter
621 2904 657 2949 se
688 2883 838 2948 conferre
864 2883 992 2962 solitus,
1017 2883 1143 2949 facilius
1166 2886 1216 2949 ille
1241 2887 1350 2968 singu-

167 2973 249 3037 laria
273 2973 363 3038 lacta
384 2974 438 3038 vel
462 2975 549 3039 dicta
572 2975 835 3039 animadvertere
861 2992 900 3037 ae
924 2991 983 3054 per
1012 2976 1121 3056 capita
1145 2994 1347 3057 componere

168 3081 264 3145 quam
299 3062 507 3146 aequabilem
537 3065 777 3147 copiosumque
806 3083 915 3128 rerum
939 3083 1150 3145 processum,
1183 3067 1237 3148 qui
1260 3067 1347 3131 vitae

166 3153 330 3217 humanae
348 3154 524 3218 decursum
539 3155 738 3233 imitaretur,
762 3159 940 3236 pertexere
957 3155 1072 3236 potuit.
1113 3155 1292 3220 Praeterea
1316 3163 1349 3221 et

165 3248 301 3324 propter
325 3244 599 3309 consuetudinem
615 3245 760 3309 virorum
784 3244 867 3307 illius
893 3245 1010 3309 aetatis
1027 3245 1202 3311 doctorum
1226 3252 1259 3311 et
1275 3247 1347 3328 ipso

167 3331 275 3396 officio
302 3331 343 3396 ab
369 3334 516 3415 epistulis
541 3335 671 3398 adiutus
689 3334 832 3415 optimos
850 3333 943 3400 facile
961 3335 1052 3400 adire
1077 3341 1208 3416 poterat
1227 3335 1346 3408 fontes

165 3420 288 3486 Postea
312 3442 387 3487 cum
413 3440 430 3487 e
455 3423 584 3505 publico
610 3425 705 3505 plane
723 3425 863 3488 secessit
886 3429 920 3488 et
943 3424 976 3488 in
993 3426 1060 3489 otio
1084 3425 1197 3490 litteris
1221 3432 1347 3490 tantum

167 3528 305 3592 operam
328 3513 432 3591 dedit,
468 3532 621 3595 magnam
654 3514 743 3578 illam
778 3513 949 3577 materiam
979 3515 1133 3578 collatam
1164 3517 1346 3581 secundum

168 3600 341 3663 consilium
356 3609 577 3668 memoratum
594 3604 625 3666 in
651 3604 786 3668 ordines
803 3604 948 3684 digessit.
986 3601 1039 3669 Sic
1062 3605 1221 3686 imprimis
1247 3605 1347 3670 elfec-

166 3695 238 3752 tum
266 3694 330 3768 est,
355 3697 389 3757 ut
412 3699 598 3775 temporum
634 3695 795 3757 rationem
821 3699 854 3758 et
877 3711 986 3757 rerum
1014 3695 1242 3776 perpetuitatis
1268 3715 1347 3760 con-

169 3796 298 3844 sensum
316 3781 505 3848 interiorem
520 3801 627 3865 paene
645 3784 833 3865 neglegeret
850 3789 883 3848 et
899 3784 942 3846 ad
958 3801 1012 3847 res
1031 3785 1179 3849 diversas
1196 3786 1228 3848 in
1251 3784 1346 3850 locos

165 3869 314 3934 diversos
338 3872 582 3938 distribuendas
610 3875 789 3955 praecipue
820 3878 998 3954 spectaret.
1035 3872 1210 3939 Saeculum
1233 3880 1344 3939 autem

162 4007 230 4014 .-...
234 4009 378 4018 ...υ-..-

271 4069 299 4136 1)
315 4068 454 4138 Imprimis
482 4069 648 4125 nominandi
676 4073 754 4123 sunt:
786 4070 947 4138 Scbwcipcr,
972 4069 1007 4124 de
1032 4069 1110 4123 Suet.
1129 4068 1199 4124 font.
1224 4071 1253 4123 et
1272 4072 1346 4126 auct.

162 4138 346 4194 Gott1830.
372 4141 497 4205 Krause,
523 4141 590 4196 item
609 4141 702 4196 Berol.
724 4141 802 4196 1831.
831 4143 988 4210 minianu,
1012 4140 1046 4195 de
1066 4139 1162 4196 Claud.
1182 4140 1257 4195 vitae
1276 4141 1345 4197 font.

161 4211 272 4266 Gothae
293 4211 373 4266 1858.
404 4213 435 4266 θ.
453 4214 625 4282 Dedcrding,
645 4215 662 4266 l.
681 4214 708 4279 l.,
729 4213 840 4268 Krousa
845 4257 854 4283 ‚
874 4213 987 4267 devita
1007 4211 1134 4281 Othonis,
1153 4212 1245 4267 Berol.
1266 4211 1344 4266 1880.

162 4283 275 4347 Cicron,
296 4284 313 4337 l.
329 4285 346 4337 l.
364 4288 392 4338 et
406 4284 478 4338 Plut.
493 4285 552 4339 und
567 4285 642 4351 Tac,
657 4285 750 4340 Berol.
765 4285 842 4340 1870.
863 4285 934 4338 Rota
939 4327 948 4354 ,
966 4285 1052 4354 praei.
1073 4285 1102 4338 in
1116 4284 1181 4339 edit.
1197 4301 1223 4354 p.
1235 4283 1291 4339 XV.
1303 4300 1344 4353 sq.

160 4355 459 4481 Runke,2W(:eltgesch.
479 4357 521 4410 lll.
541 4355 566 4410 2.
587 4356 640 4410 319
650 4358 676 4410 ii.
711 4357 841 4428 Golbdry,
861 4357 957 4422 Prata,
977 4357 1078 4426 Epger,
1099 4357 1197 4410 Hirzcl
1216 4356 1271 4410 alii.

286 4429 296 4497 l
336 4429 367 4484 ir.
388 4429 465 4498 Aug.
485 4443 509 4482 c.
530 4429 575 4483 lX.
796 4429 797 4432 ’
