3124 4976
770 315 815 379 40

683 408 897 418 -----..-

309 531 356 594 Ex
381 550 445 614 qna
468 531 579 596 tabula
602 536 638 595 ut
661 549 715 595 res
740 530 863 597 similes
891 533 1112 614 percipiantur
1141 533 1379 598 commentario

201 639 270 684 non
287 638 369 702 opus
387 622 456 686 erit.
492 621 700 686 Differentiae
725 628 833 686 autem
851 639 887 686 re
908 623 979 703 ipsa
998 623 1158 687 declarari
1179 629 1211 687 et
1228 623 1380 686 excusari

201 711 266 773 iam
291 711 477 792 expositum
506 717 567 776 est.
608 713 644 776 ln
673 712 828 776 omnibus
857 711 930 776 vitis
963 714 1098 777 easdem
1124 713 1252 794 species
1276 712 1380 776 habes

201 801 323 864 eodem
347 800 415 865 fere
441 801 573 880 ordine,
599 802 777 883 praecipue
802 802 836 865 in
859 801 1024 866 interioris
1047 804 1133 868 vitae
1158 808 1311 868 tractatu.

309 890 382 970 Quo
419 891 604 956 evidentior
638 891 695 955 fiat
728 892 922 969 consensio,
965 910 1050 975 quae
1085 893 1261 958 intercedit
1296 892 1382 956 inter

200 978 364 1044 Neronem
394 979 536 1045 Galbam
559 980 725 1046 Othonem
748 981 925 1062 Vitellium,
963 983 1062 1047 etiam
1093 983 1133 1047 de
1163 983 1212 1047 his
1241 983 1381 1065 impera-

200 1069 326 1133 toribus
367 1070 527 1135 eiusmodi
574 1071 721 1136 tabulam
761 1073 1022 1153 composuimus,
1060 1090 1102 1136 ex
1138 1091 1202 1154 qua
1237 1072 1381 1154 perspici

201 1160 323 1240 possit,
350 1161 425 1242 quid
455 1161 489 1224 in
518 1161 630 1242 sigulis
655 1161 774 1240 simile,
805 1162 880 1244 quid
911 1163 1075 1226 diversum
1102 1162 1142 1226 sit
1178 1161 1248 1246 (cir.
1273 1161 1380 1242 inira).

200 1249 379 1331 Dispositio
412 1255 573 1332 quatenus
604 1252 697 1315 laesa
729 1251 783 1330 sit,
820 1270 922 1333 supra
960 1270 992 1333 p.
1026 1251 1067 1315 37
1109 1253 1287 1317 indicatum
1320 1257 1379 1316 est.

202 1337 357 1404 Ceterum
381 1340 577 1423 inutraque
601 1346 695 1423 parte
712 1378 756 1388 -
773 1346 806 1405 et
829 1342 917 1406 vitae
941 1341 1091 1423 publicae
1116 1347 1149 1406 et
1173 1343 1321 1425 privatae
1338 1377 1380 1388 -

201 1429 313 1492 omnia
336 1431 453 1494 eodem
470 1431 571 1495 modo
588 1431 782 1512 procedunt.
819 1431 855 1495 ln
880 1431 1141 1496 similitudinibus
1160 1439 1271 1498 autem
1287 1449 1381 1515 prae-

201 1519 294 1600 cipue
319 1518 473 1584 habenda
490 1525 540 1585 est
555 1521 642 1585 vitae
667 1522 813 1603 privatae
832 1521 1021 1601 adornabo,
1048 1541 1132 1606 quae
1157 1523 1255 1605 plane
1274 1522 1381 1586 dillert

201 1607 243 1671 ab
262 1608 359 1674 luliis.
395 1609 479 1674 Nam
497 1608 639 1676 familiae
664 1612 801 1676 aliorum
817 1610 987 1676 hominum
1012 1631 1073 1678 usu
1098 1614 1252 1693 exposito
1271 1611 1380 1675 statim

200 1699 240 1762 de
266 1704 371 1764 morte
396 1700 514 1780 agitur,
540 1719 605 1782 qua
632 1701 792 1766 illustrata
822 1700 999 1766 Suetonius
1030 1702 1161 1765 demum
1192 1702 1233 1765 ad
1259 1719 1380 1781 cuspus

200 1789 338 1853 modum
368 1789 500 1854 vivendi
529 1790 639 1855 studia
668 1797 811 1856 aetatem
836 1791 1003 1854 narranda
1027 1791 1152 1853 transit.
1190 1789 1277 1853 Are
1302 1789 1380 1852 mihi

200 1879 356 1942 hocloco
374 1898 442 1943 non
460 1879 604 1945 alienum
621 1900 697 1945 esse
709 1881 837 1944 videtur
854 1880 1035 1942 admonere
1053 1879 1197 1942 lectores
1213 1879 1253 1942 de
1267 1875 1378 1941 verbis

202 1986 221 2031 a
235 1968 423 2051 Tranquillo
442 1970 476 2033 in
499 1989 571 2051 cap.
586 1970 685 2034 XLIV
700 1969 854 2034 Caesaris
876 1969 1048 2049 praelatis:
1066 1967 1151 2031 talia
1168 1974 1358 2052 opuntem..
1373 2013 1379 2027 .

199 2078 288 2122 mors
309 2061 501 2142 praeacuti,
528 2060 569 2122 de
597 2079 662 2141 qua
687 2060 888 2142 priusquam
915 2058 1026 2121 dicam
1055 2077 1109 2137 ea,
1137 2077 1219 2140 quae
1247 2057 1293 2119 ad
1313 2056 1381 2141 for·

199 2168 310 2212 mam.
327 2195 355 2212 ..
380 2169 446 2212 uon
469 2148 617 2212 alicaum
651 2151 730 2229 erit,
758 2148 953 2212 summatim
981 2165 1152 2230 capouare.
1196 2146 1282 2210 Nam
1307 2164 1380 2208 cum

200 2243 318 2303 auctor
342 2238 386 2303 ibi
410 2244 523 2321 aperte
554 2238 641 2303 dicat
674 2257 710 2303 se
738 2239 876 2320 primum
901 2238 1002 2301 vitam
1030 2237 1236 2315 interiorem,
1262 2235 1381 2301 deinde

199 2334 341 2393 mortem
380 2347 455 2393 esse
499 2329 752 2412 descripturum,
791 2329 826 2392 in
859 2327 991 2392 Nerone
1033 2332 1065 2391 et
1103 2325 1381 2408 subsequentibus

200 2417 458 2500 imperatoribus
489 2419 670 2484 tractandis
699 2439 770 2483 rem
793 2420 890 2499 plane
914 2417 1085 2498 pervertit,
1115 2417 1161 2479 ita
1184 2421 1220 2478 ut
1242 2417 1380 2497 primurn

200 2509 241 2572 de
269 2508 361 2572 obitu
395 2515 465 2572 tum
503 2509 543 2571 de
579 2507 728 2571 familiari
763 2505 1001 2569 consuetudine
1027 2510 1089 2569 etc.
1116 2511 1272 2587 exponat.
1320 2505 1384 2570 Cur

198 2602 310 2662 tamen
336 2599 383 2662 sic
406 2616 425 2662 a
446 2616 482 2661 se
507 2596 683 2660 desciverit
707 2596 860 2676 scriptor,
879 2594 1040 2658 declarari
1062 2600 1184 2677 potest.
1218 2595 1254 2658 ln
1279 2594 1381 2658 omni-

200 2687 263 2752 bus
288 2689 375 2752 enim
403 2686 454 2750 his
483 2685 558 2749 vitis
589 2686 629 2749 de
660 2685 778 2767 quibus
802 2685 934 2766 disputo
960 2685 1064 2766 agitur
1088 2686 1129 2750 de
1155 2684 1382 2761 seditionibus,

203 2777 329 2868 quibus·
350 2777 532 2857 imperator
553 2775 776 2857 interemptus
806 2781 867 2839 est.
904 2775 1016 2858 ltaque
1047 2774 1194 2856 perbene
1223 2793 1277 2838 res
1301 2775 1384 2838 inter

200 2886 236 2931 se
251 2866 492 2945 cohaerebant,
508 2865 535 2929 si
552 2884 643 2931 mors
662 2884 736 2929 cum
754 2865 972 2930 seditionibus
986 2865 1098 2929 statim
1113 2865 1381 2945 coniungebatur.

203 2989 1383 3072 ms

1323 3115 1383 3122 ..-

659 3142 691 3195 Α,
720 3141 783 3195 Vita
801 3141 924 3209 publica.

219 3237 399 3303 principatus
417 3236 556 3302 occupatio
618 3234 712 3300 princ.
732 3246 823 3298 occup.
897 3231 989 3298 princ.
1009 3247 1100 3300 occup.
1162 3235 1256 3300 princ.
1276 3249 1366 3300 occup.

330 3310 445 3360 uirtutes
609 3306 740 3358 uitiorum
757 3304 834 3370 fama
981 3332 1017 3340 —
1251 3334 1287 3342 .-

237 3380 445 3433 udministrutio
463 3378 542 3429 urbis
633 3377 730 3444 prima
749 3381 810 3428 actu
908 3377 1004 3442 prima
1023 3383 1084 3428 actu
1174 3379 1270 3444 prima
1289 3382 1350 3428 acta

201 3454 314 3520 imperii
319 3451 500 3519 propapaudi
509 3465 577 3501 curu
703 3474 737 3486 -
981 3476 1017 3484 —
1251 3479 1287 3486 -

269 3524 508 3592 percpi-inarimos
703 3548 739 3556 —
983 3551 1015 3558 —
1251 3549 1286 3558 -·

372 3623 408 3632 -
649 3592 795 3644 salitioncs
928 3593 1073 3645 seditiones
1191 3594 1336 3645 seditiones

662 3680 693 3733 B.
723 3679 787 3733 Vita
804 3679 924 3748 privata.

354 3757 423 3808 citio
705 3782 740 3791 —

289 3829 414 3895 [omiliae
431 3842 499 3878 usus
646 3825 712 3891 fam.
731 3840 799 3876 usus

248 3902 395 3954 seditiones
408 3899 533 3966 provinc.
705 3926 741 3933 —

344 3974 435 4026 omina
661 3974 782 4022 morrstra

356 4059 429 4097 mors
687 4057 761 4093 mors

345 4131 443 4183 corpus
675 4128 774 4180 corpus

374 4218 410 4226 -
612 4187 721 4239 uiuendi
739 4187 834 4237 modus

272 4261 366 4313 studia
384 4259 512 4312 liberalia
706 4286 741 4294 -

218 4333 357 4400 cupiditas
370 4332 571 4399 popularitatis
706 4358 742 4365 -

269 4406 435 4474 relipiouum
453 4419 521 4456 usus
707 4429 743 4438 -

357 4483 432 4529 actas
689 4478 765 4526 actas
