3124 4976
766 359 809 424 65

199 595 296 658 quam
320 575 415 655 Capit
402 576 504 640 tolino
535 575 644 640 debet.
684 576 784 640 Praet
771 582 865 641 terea
888 583 966 641 nost
966 596 1004 641 ra
953 577 1261 644 tdissertatione
1288 597 1379 644 com-

197 666 318 748 probat
319 685 374 729 um
399 672 449 730 est
472 684 737 748 unumquemque
755 667 857 748 script
859 686 968 746 orum,
993 667 1070 731 licet
1093 666 1173 733 Suet
1160 669 1285 734 tunium
1310 689 1380 734 om·

197 775 257 820 nes
281 756 397 820 imitati
412 757 491 835 sint,
516 763 629 820 tamen
653 761 684 819 st
670 755 805 822 tabilem
831 757 949 822 sibit
916 763 1014 840 atque
1032 759 1200 860 propriam
1215 765 1267 824 rat
1268 761 1378 824 ionem

197 848 230 921 in
254 845 399 927 partibus
424 846 617 911 adhibendis
636 845 880 926 conformasse,
906 865 971 930 qua
975 848 1102 1000 paucis
1127 849 1292 913 t''antum
1272 868 1378 933 nsque

197 936 332 1000 minoris
353 937 511 1001 momenti
529 941 712 1000 commutat
699 937 843 1001 tionibus
869 942 989 1039 except
989 939 1033 1016 is,
1061 956 1205 1041 semper
1218 940 1267 1002 usi
1291 945 1378 1019 sunt,

196 1028 243 1090 ita
277 1033 312 1090 ut
346 1043 454 1092 rerum
491 1026 642 1090 ordinem
676 1045 737 1107 pro
768 1033 845 1091 auct
847 1027 913 1091 oris
949 1027 1068 1092 indicio
1103 1029 1207 1110 accipi
1235 1037 1269 1094 et
1296 1048 1380 1112 pon-

193 1117 304 1181 derari
340 1123 493 1197 oportere
522 1117 588 1179 iam
617 1134 715 1180 nemo
743 1117 850 1197 possit
884 1133 1017 1198 negare.
1065 1116 1244 1184 Praeterea
1276 1121 1376 1184 etiam

197 1207 327 1288 species
352 1211 464 1270 certae
489 1212 522 1270 et
547 1206 798 1287 compositionis
822 1208 1044 1289 proprietates
1069 1225 1090 1271 a
1119 1209 1251 1290 singtilis
1275 1211 1380 1292 scrip-

196 1296 322 1360 toribus
346 1297 529 1377 peculiares
556 1296 664 1360 excult
651 1302 705 1359 tae
731 1302 816 1360 sunt.
793 1297 894 1360 tEt
917 1297 1003 1362 haec
1027 1298 1159 1379 quidem
1181 1299 1354 1364 hactenus.

303 1384 351 1449 De
388 1383 495 1466 Spart'
487 1403 565 1450 iano
594 1385 778 1468 Capitolino
797 1386 1001 1473 Lampridio
1033 1385 1202 1452 Gallicano
1233 1389 1378 1455 Pollione

195 1465 340 1556 Vopisco
377 1493 475 1578 spero
510 1476 576 1540 iam
612 1475 779 1558 aliquanto
814 1477 1016 1542 imminutam
1053 1495 1128 1542 esse
1165 1478 1381 1546 diffidentiam

197 1566 297 1630 docto
262 1570 384 1644 to;rum
420 1565 453 1628 in
488 1566 599 1629 medio
634 1572 691 1630 aut
693 1583 745 1630 em
780 1567 941 1650 relinquo,
975 1573 1082 1631 utrum
1111 1567 1357 1634 Commodit
1312 1570 1379 1634 vita

195 1653 371 1737 Spartiano
396 1672 439 1719 an
458 1655 553 1737 Capit
539 1655 641 1720 tolino
667 1657 887 1721 adscribenda
911 1657 966 1737 sit;
990 1657 1065 1722 huic
1089 1662 1202 1722 tamen
1225 1658 1335 1724 libent
1313 1667 1377 1724 itus

195 1745 437 1826 adscripsimus.

755 1885 820 1956 10.

303 2029 369 2095 Sed
392 2049 434 2094 ne
463 2049 549 2094 nunc
574 2031 702 2114 quidem
732 2031 853 2112 pedem
878 2030 1059 2096 subsistere
1084 2032 1245 2097 volumus.
1292 2032 1378 2097 Nam

197 2137 300 2202 neque
339 2121 483 2183 cessavit
518 2120 628 2183 intima
664 2126 772 2183 aetate
808 2119 955 2184 Suetonii
991 2121 1204 2186 artificiorum
1239 2123 1377 2188 imitatio

196 2227 299 2292 neque
316 2210 423 2290 ipsam
440 2209 511 2272 eius
526 2208 716 2274 imitationis
735 2210 1056 2275 demonstrationem
1071 2212 1137 2276 hoc
1152 2212 1228 2276 loco
1243 2231 1377 2277 cessare

196 2298 243 2362 las
266 2300 335 2364 erit.
372 2299 509 2363 atvero
532 2298 565 2363 id
589 2318 655 2363 non
671 2299 834 2363 voluimus
858 2307 894 2364 ut
911 2318 1028 2364 omnes
1054 2301 1187 2366 omnino
1212 2301 1279 2366 hoc
1302 2303 1376 2367 loco

195 2407 454 2472 proponeremus
483 2389 537 2471 qui
565 2389 702 2470 vestigia
731 2387 877 2453 Suetonii
904 2397 1112 2471 presserunt3
1147 2392 1290 2456 nonnulli
1317 2411 1377 2474 per

194 2479 391 2544 electionem
406 2479 667 2544 introducantur.
700 2479 749 2543 Ac
764 2479 905 2560 primum
930 2480 1063 2562 quidem
1084 2500 1194 2563 pauca
1211 2482 1251 2546 de
1269 2481 1375 2547 Sext.

192 2567 352 2633 Aurelio
377 2568 569 2652 Victore¹)
594 2569 729 2654 eiusque
754 2569 972 2650 epitomatore
998 2569 1190 2650 afferamus,
1216 2571 1270 2654 qui
1288 2591 1376 2637 anno

193 2657 260 2732 360
282 2679 313 2738 p.
332 2658 367 2724 C.
390 2678 421 2722 n.
447 2658 499 2723 ‘de
524 2657 737 2727 Caesaribus’
766 2659 883 2724 librum
916 2662 1114 2742 composuit.
1162 2662 1259 2726 Prior
1282 2662 1377 2726 huius

195 2747 342 2828 opusculi
363 2766 441 2830 pars
465 2748 543 2811 nihil
566 2749 628 2812 nisi
652 2754 809 2830 excerpta
824 2748 1028 2814 Suetoniana
1052 2753 1244 2833 continetl),
1271 2751 1375 2817 altera

192 2837 235 2900 ab
270 2838 342 2918 ipso
372 2837 504 2902 Victore
542 2838 728 2919 composita
760 2839 934 2920 perspicue
969 2840 1187 2906 imitationem
1222 2859 1303 2922 prae
1339 2859 1375 2905 se

195 2926 266 2991 lert.
292 2927 437 3008 Exempli
460 2928 566 3008 gratia
591 2927 838 3010 dispositionem
862 2946 1037 3010 praepono

656 3070 911 3135 Diocletiani:

301 3201 320 3275 ‚d
348 3198 380 3274 1,
405 3196 445 3260 dc
470 3198 650 3275 creatione,

301 3292 320 3365 ξ
344 3285 447 3363 2-9,
472 3286 695 3367 doctoribus,

301 3379 319 3454 ξ
344 3375 469 3452 9-14,
495 3375 534 3438 de
555 3377 621 3461 fine
646 3373 727 3439 Cart
749 3378 882 3459 eiusque
906 3375 1100 3457 liberorum,

301 3467 320 3543 ξ
348 3465 402 3542 14,
430 3462 484 3542 15,
504 3467 630 3547 primis
652 3467 820 3530 institutis
827 3514 838 3545 ,

300 3557 319 3632 ξ
347 3552 491 3631 16-44,
517 3555 613 3618 rebus
636 3557 673 3617 io
696 3554 793 3636 bello,

301 3642 487 3722 §44-47,
512 3644 548 3705 in
567 3664 653 3726 poce
674 3647 792 3727 pestis,

300 3736 319 3813 ξ
343 3731 397 3811 47,
422 3733 462 3796 de
486 3753 568 3796 cura
591 3733 790 3818 reipublicae
814 3735 951 3797 abiecta.

298 3822 344 3886 Ex
367 3823 433 3885 hoc
459 3840 560 3904 opere
576 3828 696 3905 postca
720 3825 861 3906 epitome
887 3822 1053 3904 exscripta
1078 3827 1129 3885 est
1152 3821 1213 3885 sub
1230 3823 1372 3906 titulo³):

192 3912 242 3976 ‘de
270 3913 338 3976 vita
371 3917 403 3975 et
437 3912 584 3976 moribus
619 3913 854 3994 imperatorum
878 3912 1106 3977 Romanorum
1138 3917 1299 3993 excerpta
1333 3931 1375 3977 ex

189 4001 278 4066 libris
305 4000 382 4067 Sex.
399 4001 507 4067 Aurel.
518 4002 658 4067 Victoris
683 4021 704 4067 a
727 4003 873 4069 Caesare
898 4003 1048 4084 Augusto
1072 4019 1178 4084 usque
1203 4002 1246 4066 ad
1263 4002 1372 4067 Theo-

296 4240 322 4307 1)
344 4239 456 4308 Teuffel.
475 4238 574 4308 §4143
593 4239 718 4309 Hermes,
735 4239 767 4306 ll,
787 4237 939 4292 loo-154.

297 4311 324 4379 2)
342 4312 421 4380 Quae
441 4311 477 4366 de
496 4305 685 4380 grammaticis
704 4315 734 4366 et
750 4311 910 4366 rhetoribus
931 4308 1061 4364 Suetonii
1079 4323 1134 4362 nos
1155 4307 1319 4362 admonent.

191 4459 220 4510 et
239 4384 380 4510 monsEx
408 4399 463 4452 quo
491 4383 548 4438 iam
574 4383 766 4452 ,specierum
791 4397 861 4437 usus
882 4383 987 4448 elucet3
1011 4395 1115 4449 nempe
1133 4383 1208 4434 tract
1210 4383 1294 4434 antur
1313 4381 1372 4434 vita

1176 4559 1193 4612 5
